1975 3700
153 271 464 342 Fastorum
494 271 610 341 Lra.
634 255 708 344 110⁰
742 293 793 368 45

81 387 166 440 Aurea
177 393 301 457 pellebant
313 390 410 456 rapidos
422 390 561 438 umbracula
573 389 635 440 soles
647 408 656 449 ς

120 463 181 527 Qua
197 477 278 514 tamen
292 464 422 514 Herculea
437 462 565 512 sustinuere
578 479 671 514 manus.
722 488 729 498 -

81 535 183 602 Jamque
195 555 280 588 nemus
290 536 378 588 Bacchi
390 569 397 593 ‚
414 535 497 586 Tmoli
507 536 588 586 vineta
600 569 609 594 ,
626 539 727 590 tenebat
737 555 749 598 5

119 609 243 676 Hesperus
256 611 282 662 δι
292 611 359 660 lustu
369 608 477 668 roscidus
491 609 544 658 ibat
554 625 628 674 equo.

83 681 161 732 Antra
172 681 234 733 subit
244 715 252 742 ‚
269 683 350 748 tophis
361 684 520 752 laqueataque
529 683 624 748 pumice
635 683 711 744 vivo,
803 699 854 752 315

122 755 239 805 Garrulus
250 757 274 804 in
289 756 365 821 primo
382 755 462 804 limine
473 756 539 806 rivus
555 769 617 807 erat.

83 826 200 892 Dumque
211 841 296 892 parant
309 831 391 894 epulas
405 828 559 894 potandaque
572 829 629 880 vina
640 829 756 891 ministri,

123 899 236 950 Cultibue
251 901 354 950 Alciden
367 900 457 950 instruit
470 901 512 950 illa
524 901 579 952 suis.

84 973 137 1022 Dat
146 984 234 1022 tenues
245 974 357 1032 tunicas,
376 973 475 1024 Gaetulo
487 973 578 1024 murice
591 973 676 1025 untias
687 992 697 1034 ;

123 1046 175 1096 Dat
187 1057 292 1096 teretem
307 1063 410 1106 zenam,
428 1046 474 1113 qui
489 1046 564 1097 modi>
578 1048 654 1096 cintia
666 1049 721 1099 fuit.
805 1063 858 1117 320

83 1118 181 1172 Ventre
192 1120 271 1170 minor
283 1136 344 1169 zona
355 1119 389 1170 eu
401 1136 408 1170 ε
422 1119 559 1170 tunicarum
572 1122 654 1172 vincla
664 1125 778 1184 relaxat,

121 1193 158 1242 Ut
172 1194 251 1258 possit
262 1192 337 1242 vastas
350 1192 479 1248 exseruilse
493 1210 587 1244 manus.

82 1265 201 1332 fregerat
212 1267 334 1324 emillae,
351 1283 400 1316 non
413 1267 454 1316 illa
467 1267 499 1315 ad
511 1267 609 1317 brachia
618 1266 713 1326 fallam

120 1339 276 1406 Stringebant
288 1355 387 1407 magnos
399 1339 496 1389 vincula
509 1355 582 1404 parva
593 1341 678 1404 pedes.

83 1410 136 1477 Ipse
148 1413 212 1478 capit
225 1414 365 1479 clavamque
376 1429 472 1480 gravem
484 1445 492 1470 ,
511 1413 660 1478 spoliumque
671 1412 766 1475 leonis,
806 1428 840 1480 32
845 1432 857 1479 5

90 1521 92 1526 r
121 1484 275 1551 Conditaque
289 1487 313 1534 iu
326 1488 437 1551 pharetra
447 1487 498 1534 tela
511 1487 603 1536 minora
617 1485 667 1536 sual.

83 1557 123 1608 Sic
138 1559 214 1624 epulis
228 1559 321 1617 functi,
340 1559 375 1610 tic
390 1559 447 1609 dant
461 1559 502 1608 sua
512 1576 617 1625 corpora
630 1559 735 1619 somnam

121 1630 153 1679 Et
168 1631 254 1695 positis
268 1631 337 1696 juxta
353 1632 484 1682 secubuere
499 1632 569 1682 toris.

85 1702 163 1754 Causa
175 1701 186 1752 i
205 1705 327 1769 repertori
339 1705 395 1754 vitis
410 1705 448 1769 pia
460 1703 526 1754 sacra
536 1705 671 1768 parabant,

122 1775 188 1839 Quae
199 1776 309 1828 facerent
320 1776 399 1843 puri,
418 1775 471 1826 etim
484 1776 550 1826 foret
559 1790 614 1827 utta
629 1779 691 1828 dies.
809 1792 859 1843 330

85 1849 171 1901 Nullis
184 1862 238 1901 erat
247 1849 352 1901 medium
364 1866 371 1901 ε
384 1851 442 1916 quid
452 1867 502 1901 uon
512 1867 579 1901 amor
592 1851 714 1918 improbus
725 1852 823 1905 audet?

122 1923 226 1973 Roscida
239 1940 283 1989 pet
293 1924 405 1975 tenebras
416 1924 511 1974 Faunus
520 1924 551 1974 ad
561 1938 630 1975 antra
642 1926 719 1976 verrit.

84 1998 171 2063 thue
187 1997 255 2047 ridet
267 1997 350 2047 somno
367 1998 468 2047 comites
481 1998 587 2062 vinoque
599 1997 710 2058 solutos,

122 2071 195 2137 Spem
207 2070 270 2135 capit
280 2071 305 2120 in
316 2071 417 2121 dominis
429 2071 476 2119 elle
491 2070 584 2134 soporis
595 2071 670 2122 idem.

84 2144 162 2194 intrat
174 2176 181 2202 ,
199 2144 225 2195 ὃ(
235 2144 283 2193 huc
294 2144 352 2193 illuc
364 2143 508 2193 temerarius
518 2156 583 2193 errat
593 2144 688 2195 adulter
698 2160 708 2201 3
807 2158 821 2210 3
827 2158 857 2210 35

124 2216 155 2265 Et
167 2217 268 2282 praefert
280 2228 361 2267 cautas
372 2248 381 2275 ,
400 2215 620 2281 subsequiturque,
639 2233 732 2269 manus.

85 2289 197 2343 Venerat
209 2289 239 2337 ad
251 2288 315 2340 litati
328 2300 422 2353 captata
433 2288 522 2337 cubilia
531 2288 606 2348 lecti,

122 2362 154 2411 Et
169 2360 246 2427 primi
259 2363 318 2411 felix
332 2362 396 2414 sorte
407 2361 502 2413 futurus
514 2373 577 2413 etat.

86 2435 123 2483 Ut
137 2435 218 2502 tetigit
231 2436 291 2485 fulvi
305 2434 361 2485 setis
375 2434 464 2485 hirsuta
476 2436 557 2485 leonis

122 2508 244 2567 Vellera,
260 2508 403 2573 pertimuit,
419 2507 573 2573 sustinuitque
585 2522 701 2567 manum3
762 2546 768 2555 .
807 2521 859 2575 340

87 2579 260 2646 Attonitusque
270 2597 336 2629 meru
346 2580 419 2630 rediit
432 2597 439 2631 ι
451 2592 478 2629 ut
489 2580 549 2650 saepe
559 2580 638 2630 viator

124 2652 258 2702 Turbatum
271 2653 322 2702 viso
337 2652 430 2703 rettulit
443 2668 522 2720 angue
535 2653 631 2717 pedem.

86 2726 148 2779 lnde
159 2725 208 2775 toti
219 2759 226 2785 ,
245 2726 287 2791 qui
298 2724 392 2791 juntlus
403 2736 455 2775 erat
466 2756 475 2783 ,
491 2726 610 2775 velamina
620 2724 697 2795 tangit

122 2798 234 2861 Mollia,
250 2798 361 2849 mendaci
376 2798 542 2867 decipiturque
554 2798 622 2849 uoti.

85 2870 204 2929 Ascendit
216 2888 224 2930 5
241 2871 377 2939 spondique
389 2872 434 2921 sibi
444 2873 560 2939 propiore
572 2871 692 2927 recumbit
703 2888 714 2931 ι
806 2889 856 2941 345

120 2944 156 3003 lit
170 2944 246 3015 rigido
258 2962 337 3009 cornu
354 2945 434 3001 durius
447 2945 539 3017 inguen
550 2958 611 2997 erat.
