1975 3700
205 273 253 344 80
301 273 344 342 P.
373 273 566 348 Orrmr
594 273 829 347 anoms

204 392 285 459 Atque
299 394 331 443 ita
346 412 390 461 per
403 395 519 464 populum
536 391 652 442 fumantia
665 409 736 442 mane
751 394 847 447 solebat

240 466 358 519 Dividere
372 484 378 518 :
390 469 442 522 lraee
457 467 551 534 populo
568 466 640 532 copia
654 478 722 533 gata
737 467 793 518 suit.

203 537 266 592 Pate
285 541 348 592 domi
363 540 444 599 lasti,
463 541 556 608 signnm
572 540 675 604 posuere
692 538 831 602 Perenna,

241 613 315 678 Quod
329 615 374 664 sibi
389 613 487 666 deseslia
502 615 542 663 illa
556 612 647 664 tulisset
662 629 745 679 opem.

142 683 193 750 675
206 687 277 738 Nunc
289 687 346 738 mihi
358 721 365 747 ,
378 704 420 737 cur
432 699 531 738 cantent
542 720 551 744 ,
561 685 665 753 superesi
675 720 683 745 ‚
695 688 798 738 obscena
808 690 929 753 puellm,

241 760 334 810 Dicere
347 777 354 815 z
367 778 420 810 nam
435 762 546 818 co‘e‘unt,
563 773 677 824 certaque
693 762 781 824 probra
797 777 907 815 canunt.

203 833 289 899 Nuper
303 847 356 886 etat
371 835 425 886 Dea
440 834 501 892 salla
513 851 522 892 3
536 833 604 884 venit
620 832 743 886 Gradivus
756 835 789 886 ad
801 834 930 898 Annam,

240 907 271 956 Et
288 925 342 958 cum
359 907 453 958 sedulii
467 908 524 957 talia
540 908 615 957 verba
630 906 698 957 facit.

84 1027 87 1032 ,
204 979 290 1032 Mense
305 999 361 1033 meo
377 983 465 1034 coletis
478 981 565 1047 :junxi
578 997 631 1030 mea
646 994 756 1047 tempora
769 992 877 1043 tecum3

140 1052 193 1102 680
242 1053 335 1107 Pendet
350 1057 380 1105 ab
395 1055 477 1106 officio
493 1053 546 1119 spes
561 1054 618 1104 mihi
634 1071 718 1122 magna
732 1066 787 1107 tuo.

202 1127 308 1190 Armiser
325 1129 442 1180 atmisetae
458 1139 586 1195 correptus
603 1143 684 1178 amore
699 1127 823 1180 Mineruae

240 1203 326 1252 Uror:
341 1203 366 1253 dt
380 1203 428 1252 hoc
445 1202 521 1269 longo
536 1213 647 1267 tempore
663 1202 750 1252 vulnus
765 1204 816 1254 alo.

203 1272 301 1335 Effice,
318 1275 352 1324 Di
368 1275 444 1326 studio
460 1275 550 1326 similes
566 1276 680 1326 coeamus
694 1275 718 1324 in
733 1291 819 1327 unum.

240 1348 396 1398 Conveniunt
410 1361 492 1415 partes
508 1349 545 1398 ltae
558 1349 620 1407 tibi,
636 1349 711 1398 comis
721 1365 797 1408 anum

67 1467 75 1482 ‚
105 1415 107 1420 ’
140 1418 190 1483 685
204 1419 318 1472 Dixerat.
337 1422 379 1472 llla
394 1423 476 1472 Deum
490 1421 602 1487 promisso
616 1422 677 1472 ludit
691 1422 777 1480 inani3

239 1495 270 1545 Et
285 1495 377 1550 stultam
392 1495 463 1552 dubia
477 1495 542 1562 spem
556 1495 721 1562 trahiturque
737 1494 817 1547 moti.

201 1568 292 1634 Saepius
309 1568 418 1629 instanti,
437 1569 553 1620 Mandata
569 1569 725 1636 pereginus,
741 1569 843 1638 iaquit3

237 1643 331 1694 Evisias
349 1644 460 1710 precibus
477 1643 520 1694 vix
534 1643 601 1694 dedit
618 1642 658 1694 ilia
674 1659 765 1694 manue.

204 1713 303 1768 Gaudet
314 1734 394 1767 amans
405 1747 413 1776 ,
435 1717 602 1783 thalamosque
612 1728 700 1782 parat:
713 1715 846 1768 deducitur
857 1718 924 1772 illuc

138 1785 191 1849 690
239 1789 308 1842 Anna
325 1789 411 1859 tegetis
428 1792 528 1849 vultus,
547 1802 574 1839 ut
592 1807 655 1840 nova
671 1801 763 1855 nupta,
782 1790 852 1844 suos.

200 1862 291 1914 Oscula
306 1864 443 1921 sumturus,
462 1862 539 1915 subiti
554 1865 622 1914 Mars
637 1864 720 1928 aspicit
734 1863 829 1916 Annam
842 1885 852 1925 ς

238 1938 308 1986 Nunc
324 1939 402 2004 pudor
418 1936 528 1996 elusum,
547 1952 611 1986 nune
626 1937 687 1986 subit
702 1938 756 1994 ira,
773 1938 872 1994 Deum.

199 2008 272 2059 Ridet
287 2024 419 2061 amatorem
435 2026 499 2061 catae
514 2027 578 2060 nova
593 2008 656 2060 Diva
671 2011 811 2069 Minervae;

126 2134 128 2137 .
236 2084 289 2133 Nec
305 2100 344 2135 res
358 2085 403 2133 hac
416 2083 513 2135 Veneti
526 2085 617 2153 gratior
631 2084 679 2133 ulla
696 2083 751 2134 suit.

136 2152 186 2217 695
201 2156 260 2205 Inde
276 2156 325 2223 joci
339 2170 437 2208 veteres
453 2157 606 2223 obscenaque
620 2157 681 2207 disla
690 2168 839 2217 eanuntutr

236 2230 267 2279 Et
282 2229 349 2294 juvat
362 2232 423 2281 hanc
439 2246 527 2299 magno
540 2232 614 2282 verba
629 2230 717 2281 dedisse
733 2231 801 2280 Deo.

197 2300 468 2355 PRAETERlTURUS
485 2321 550 2353 eram
561 2302 653 2371 gladios
666 2303 690 2352 in
702 2300 814 2369 Principe
825 2302 894 2359 fixos
907 2328 922 2369 ς

182 2428 185 2434 ,
234 2376 296 2429 Ctim
311 2378 347 2428 sic
361 2394 375 2427 a
391 2376 458 2427 callis
472 2376 547 2431 Vesla
561 2378 644 2426 locuta
658 2376 738 2434 socit;

198 2448 236 2498 Ne
253 2451 333 2503 dubita
349 2449 478 2501 meminisse
490 2465 497 2501 :
509 2466 577 2499 meus
592 2449 637 2499 suit
650 2449 692 2498 ille
707 2449 839 2503 Sacerdos·

135 2536 188 2584 700
236 2522 365 2591 Sacrilegae
381 2523 435 2573 telis
451 2539 489 2572 me
506 2524 601 2588 petiere
616 2538 709 2573 manus.

199 2595 249 2662 lpsa
267 2598 344 2647 vitum
359 2596 446 2661 rapui,
463 2596 638 2662 simulacraque
653 2596 715 2645 nuda
731 2596 830 2663 reliqui.

235 2667 298 2732 Quae
315 2670 403 2719 cecidit
419 2669 504 2728 ferro,
525 2669 626 2719 Caesaris
638 2670 721 2718 umbra
738 2668 792 2721 suit.

197 2742 243 2792 Ille
259 2742 354 2809 quidem
370 2743 435 2796 coelo
450 2744 542 2809 potitur
560 2742 629 2794 lovis
645 2742 706 2793 atria
720 2741 798 2793 servat
809 2774 822 2801 ,

234 2814 265 2865 Et
281 2827 354 2874 tenet,
365 2816 391 2866 in
407 2833 494 2883 magno
508 2817 599 2881 templa
612 2815 691 2865 dicata
705 2815 769 2866 soro.

134 2899 186 2950 705
200 2887 233 2938 At
248 2890 391 2959 quicumque
405 2891 473 2941 nefas
487 2889 538 2939 ausi
549 2922 557 2948 ‚
567 2889 722 2955 prohibente
736 2890 844 2947 deorum

232 2962 356 3024 Numine,
374 2965 514 3033 polluerant
529 2959 670 3015 pontificale
685 2974 770 3030 caput.
