1975 3700
223 234 294 325 148
344 233 386 301 P.
414 232 602 303 OV11211
630 237 866 310 Naroma

220 354 306 405 Masta
319 355 454 406 Learcheas
469 367 552 405 mater
563 355 728 405 tumulaverat
743 358 866 419 umbras,

258 428 290 478 Et
306 428 407 479 dederat
421 428 513 477 miseris
530 428 611 479 omnia
626 426 686 493 justa
700 430 784 496 rogisa

220 502 289 553 Haec,
299 518 396 568 quoque
407 535 417 561 ‚
430 501 537 552 funestos
550 514 578 551 ut
592 513 646 551 erat
658 502 747 551 laniata
761 504 889 569 capillos,

256 574 374 633 Prosilit;
391 576 418 625 dt
432 575 501 625 cunis
515 586 561 633 te,
580 573 731 633 Melicerta,
747 578 827 642 rapit.
866 622 875 635 ,

157 664 208 717 495
222 647 262 699 Est
276 648 353 713 spatio
369 648 491 699 contrade
506 646 592 706 brevi,
612 648 675 698 freta
688 649 744 697 bina
759 650 886 717 repellit,

256 722 360 787 Unaque
376 720 564 787 pulsaturum
578 720 670 771 duabus
685 720 763 787 aquis.

219 794 276 845 Huc
292 794 361 845 venit
376 794 462 845 insertis
478 806 562 843 natum
576 795 703 861 complexa
716 796 842 857 lacertis,

256 868 288 919 Et
304 866 384 917 secum
399 884 414 919 e
432 866 499 917 celso
515 866 590 916 mittit
602 868 628 915 in
643 868 691 916 alta
706 866 777 934 jugo.

217 940 314 1007 Excipit
326 939 547 1007 illesos-Panope,
563 951 709 1007 centumque
722 940 823 992 sorores
834 957 846 1001 ς

158 1030 210 1081 500
258 1014 291 1065 Et
305 1014 402 1079 placido
418 1012 484 1079 lapsu
501 1029 546 1079 pet
561 1012 603 1063 sua
615 1030 690 1081 regua
703 1014 797 1064 ferunt.

218 1088 332 1139 Nondum
347 1087 508 1143 Leucothe'e'‚
526 1086 632 1136 nonduin
645 1104 707 1153 puer
719 1087 761 1137 ille
773 1086 918 1147 Palaemon,

254 1160 397 1213 Vorticibus
412 1160 480 1209 densi
494 1159 600 1209 Tibridis
614 1176 658 1209 ora
670 1172 768 1211 tenent.

218 1234 300 1287 Lucus
311 1247 364 1285 erat
377 1249 385 1285 t
397 1230 515 1297 (dubium
526 1232 628 1283 Semela
638 1234 778 1284 Stimulaene
787 1238 932 1301 cocetum)

254 1307 378 1365 Maenadas
393 1306 513 1359 Ausonias
528 1305 652 1357 incoluiffe
666 1307 757 1357 ferunt.

128 1428 132 1435 ,
157 1398 207 1449 505
221 1380 316 1445 Quaeric
332 1380 414 1431 abhis
430 1380 494 1438 ino,
512 1396 567 1445 quae
581 1396 640 1447 gens
657 1380 723 1431 foret
736 1381 873 1435 :Arcadas
891 1381 934 1432 effe

255 1453 330 1503 Audit
339 1488 347 1511 ,
355 1454 390 1509 ,&
400 1453 537 1503 Evandrum
550 1452 645 1519 sceptra
658 1465 746 1503 tenere
759 1455 823 1507 loci.

217 1526 374 1579 Dissimulate
387 1527 466 1577 Deam
482 1526 563 1576 Latias
576 1526 688 1579 Saturnia
702 1526 812 1577 Bacchas

254 1600 384 1652 Instimulat
397 1598 459 1651 ficiis
475 1598 587 1650 insidiosa
601 1599 686 1657 sonis;

219 1674 243 1727 0
258 1672 263 1723 !
277 1672 373 1727 nimium
389 1672 493 1725 faciles:
510 1672 615 1723 oitoto
630 1673 729 1737 penore
746 1685 852 1739 capte:

157 1766 208 1816 510
257 1748 315 1797 Non
331 1746 398 1798 venit
414 1746 467 1799 haec
484 1744 568 1797 nostris
582 1745 670 1811 hospes
685 1746 765 1795 amice
782 1748 881 1808 choris·

218 1822 311 1875 Fraude
326 1820 407 1887 petit,
426 1818 533 1886 sacrique
546 1831 615 1884 parat
631 1819 781 1887 cognoscere
799 1821 900 1873 ritum:

257 1896 316 1961 Quo
332 1894 409 1960 possit
421 1909 505 1960 poenas
520 1893 647 1958 pendere,
663 1894 749 1961 pignus
765 1894 853 1946 habet.

218 1970 269 2025 Vix
285 1971 348 2020 bene
363 1967 468 2018 desierat
478 1984 492 2025 ;·
505 1968 628 2032 complent
642 1968 773 2017 idulatibus
787 1981 865 2018 auras

163 2059 167 2064 ·
254 2041 390 2108 Thyades,
410 2039 491 2091 effusis
506 2041 603 2106 persua
620 2041 683 2092 colla
699 2041 801 2098 cornis;

158 2133 207 2183 5¹5
220 2115 383 2183 injiciuntque
396 2129 480 2163 manus
491 2145 499 2170 ,
512 2130 662 2180 puerumque
674 2115 796 2164 revellere
811 2129 934 2183 pugnant.

256 2187 327 2252 Quos
342 2187 437 2254 ignorat
453 2187 550 2244 adhuc,
564 2186 666 2239 invocat
679 2188 719 2236 illa
733 2187 828 2245 Densa

218 2259 301 2328 Dique
318 2261 412 2326 virique
429 2259 498 2318 loci,
515 2258 609 2313 miserae
625 2259 757 2310 succurite
771 2260 860 2312 matri.

255 2335 354 2384 Clamor
368 2333 486 2385 Aventini
501 2332 556 2382 saxa
571 2333 705 2399 propinqua
718 2333 787 2384 ferit.

218 2408 354 2475 Appulerat
370 2405 429 2474 ripe
443 2422 530 2457 vaccas
546 2405 637 2459 utens
652 2407 753 2459 Iberes:

157 2499 209 2549 520
257 2479 350 2540 Audit,
370 2481 396 2532 δι
409 2479 439 2530 ad
455 2494 544 2532 vocen
560 2479 671 2534 concitus
686 2490 757 2546 urget
770 2477 832 2530 iter.

217 2554 331 2606 Herculis
346 2554 451 2608 adventu
460 2581 475 2612 a:
484 2571 539 2620 quae
554 2553 604 2602 vim
620 2549 694 2610 ruodo
710 2552 775 2602 ferre
790 2554 932 2619 parabant,

254 2628 345 2694 Turpia
362 2627 472 2678 feminee
489 2639 559 2694 terga
574 2625 665 2676 dedice
679 2625 754 2692 fugae.

218 2702 285 2768 Quid
298 2702 360 2768 petis
373 2700 428 2750 hinc
441 2731 449 2757 ,
465 2700 562 2766 ignorat
573 2699 656 2758 enirn,
671 2711 802 2749 matertera
816 2697 931 2748 Bacchi!

254 2776 294 2828 An
310 2791 399 2826 numen
415 2773 480 2838 quod
492 2789 550 2830 nae,
565 2784 592 2822 te
609 2785 707 2838 quoque
721 2783 814 2828 vexat,
834 2771 897 2822 aire

156 2850 263 2917 525111a
280 2849 357 2900 docet
369 2846 473 2912 partim
491 2846 578 2911 partim
592 2845 718 2911 praesentia
734 2843 783 2894 nati

253 2921 392 2976 Continet:
410 2919 518 2974 &furiis
534 2919 561 2970 in
579 2919 655 2974 scelus
671 2917 713 2970 iiie
728 2917 814 2986 pudet·
