<?xml version="1.0" encoding="UTF-8"?>
<!DOCTYPE html PUBLIC "-//W3C//DTD XHTML 1.0 Transitional//EN"
    "http://www.w3.org/TR/xhtml1/DTD/xhtml1-transitional.dtd">
<html xmlns="http://www.w3.org/1999/xhtml" xml:lang="en" lang="en">
 <head>
  <title>
</title>
<meta http-equiv="Content-Type" content="text/html;charset=utf-8" />
  <meta name='ocr-system' content='tesseract 3.04.00' />
  <meta name='ocr-capabilities' content='ocr_page ocr_carea ocr_par ocr_line ocrx_word'/>
</head>
<body>
  <div class='ocr_page' id='page_1' title='image "./povidiinasoniso00unkngoog_0367.png"; bbox 0 0 1975 3700; ppageno 0'>
   <div class='ocr_carea' id='block_1_1' title="bbox 167 240 809 338">
    <p class='ocr_par' dir='ltr' id='par_1_1' title="bbox 167 240 809 338">
     <span class='ocr_line' id='line_1_1' title="bbox 167 240 809 338; baseline -0.011 -23"><span class='ocrx_word' id='word_1_1' title='bbox 167 261 244 338; x_wconf 81' lang='lat'>372</span> <span class='ocrx_word' id='word_1_2' title='bbox 287 240 328 308; x_wconf 90' lang='lat' dir='ltr'>P.</span> <span class='ocrx_word' id='word_1_3' title='bbox 358 241 552 310; x_wconf 69' lang='lat' dir='ltr'>Ormi-1</span> <span class='ocrx_word' id='word_1_4' title='bbox 578 241 809 310; x_wconf 60' lang='lat' dir='ltr'>Naronae</span> 
     </span>
    </p>
   </div>
   <div class='ocr_carea' id='block_1_2' title="bbox 72 357 890 2991">
    <p class='ocr_par' dir='ltr' id='par_1_2' title="bbox 72 357 890 2550">
     <span class='ocr_line' id='line_1_2' title="bbox 165 357 835 425; baseline -0.006 -13"><span class='ocrx_word' id='word_1_5' title='bbox 165 361 251 425; x_wconf 84' lang='lat' dir='ltr'>thue</span> <span class='ocrx_word' id='word_1_6' title='bbox 267 359 316 408; x_wconf 81' lang='lat' dir='ltr'>snei</span> <span class='ocrx_word' id='word_1_7' title='bbox 330 358 414 408; x_wconf 80' lang='lat' dir='ltr'>versus</span> <span class='ocrx_word' id='word_1_8' title='bbox 430 359 577 424; x_wconf 84' lang='lat' dir='ltr'>aliquantum</span> <span class='ocrx_word' id='word_1_9' title='bbox 594 357 671 408; x_wconf 58' lang='lat' dir='ltr'>noblis</span> <span class='ocrx_word' id='word_1_10' title='bbox 688 358 835 417; x_wconf 87' lang='lat' dir='ltr'>habebunt,</span> 
     </span>
     <span class='ocr_line' id='line_1_3' title="bbox 202 431 661 482; baseline -0.004 0"><span class='ocrx_word' id='word_1_11' title='bbox 202 433 241 482; x_wconf 83' lang='lat' dir='ltr'>Sic</span> <span class='ocrx_word' id='word_1_12' title='bbox 259 432 314 482; x_wconf 84' lang='lat' dir='ltr'>vitae</span> <span class='ocrx_word' id='word_1_13' title='bbox 331 431 403 482; x_wconf 81' lang='lat' dir='ltr'>series</span> <span class='ocrx_word' id='word_1_14' title='bbox 418 443 473 481; x_wconf 82' lang='lat' dir='ltr'>tota</span> <span class='ocrx_word' id='word_1_15' title='bbox 489 432 521 481; x_wconf 89' lang='lat' dir='ltr'>sit</span> <span class='ocrx_word' id='word_1_16' title='bbox 536 445 588 480; x_wconf 85' lang='lat' dir='ltr'>atra</span> <span class='ocrx_word' id='word_1_17' title='bbox 602 445 661 481; x_wconf 82' lang='lat' dir='ltr'>tuae.</span> 
     </span>
     <span class='ocr_line' id='line_1_4' title="bbox 165 503 772 571; baseline -0.007 -13"><span class='ocrx_word' id='word_1_18' title='bbox 165 505 225 558; x_wconf 73' lang='lat' dir='ltr'>Haec</span> <span class='ocrx_word' id='word_1_19' title='bbox 241 506 285 556; x_wconf 88' lang='lat' dir='ltr'>tibi</span> <span class='ocrx_word' id='word_1_20' title='bbox 301 505 396 562; x_wconf 83' lang='lat' dir='ltr'>natali,</span> <span class='ocrx_word' id='word_1_21' title='bbox 413 507 490 562; x_wconf 76' lang='lat' dir='ltr'>faxo,</span> <span class='ocrx_word' id='word_1_22' title='bbox 508 503 611 571; x_wconf 82' lang='lat' dir='ltr'>Janique</span> <span class='ocrx_word' id='word_1_23' title='bbox 628 503 772 562; x_wconf 86' lang='lat' dir='ltr'>Kalendis,</span> 
     </span>
     <span class='ocr_line' id='line_1_5' title="bbox 203 578 678 644; baseline -0.006 -15"><span class='ocrx_word' id='word_1_24' title='bbox 203 581 261 629; x_wconf 86' lang='lat' dir='ltr'>Non</span> <span class='ocrx_word' id='word_1_25' title='bbox 275 578 410 630; x_wconf 83' lang='lat' dir='ltr'>mentituro</span> <span class='ocrx_word' id='word_1_26' title='bbox 424 578 527 644; x_wconf 80' lang='lat' dir='ltr'>quilibet</span> <span class='ocrx_word' id='word_1_27' title='bbox 544 593 588 628; x_wconf 90' lang='lat' dir='ltr'>ore</span> <span class='ocrx_word' id='word_1_28' title='bbox 604 579 678 644; x_wconf 83' lang='lat' dir='ltr'>legat.</span> 
     </span>
     <span class='ocr_line' id='line_1_6' title="bbox 121 649 826 717; baseline -0.006 -13"><span class='ocrx_word' id='word_1_29' title='bbox 121 653 137 704; x_wconf 89' lang='lat'>6</span> <span class='ocrx_word' id='word_1_30' title='bbox 142 671 154 717; x_wconf 92' lang='lat'><em>5</em></span> <span class='ocrx_word' id='word_1_31' title='bbox 169 652 204 703; x_wconf 89' lang='lat' dir='ltr'>Di</span> <span class='ocrx_word' id='word_1_32' title='bbox 219 652 291 703; x_wconf 88' lang='lat' dir='ltr'>maris</span> <span class='ocrx_word' id='word_1_33' title='bbox 307 651 334 701; x_wconf 76' lang='lat' dir='ltr'>lic</span> <span class='ocrx_word' id='word_1_34' title='bbox 350 663 421 702; x_wconf 82' lang='lat' dir='ltr'>terrae</span> <span class='ocrx_word' id='word_1_35' title='bbox 435 664 452 709; x_wconf 82' lang='lat'>,&#39;</span> <span class='ocrx_word' id='word_1_36' title='bbox 463 649 551 717; x_wconf 87' lang='lat' dir='ltr'>quique</span> <span class='ocrx_word' id='word_1_37' title='bbox 566 650 603 700; x_wconf 87' lang='lat' dir='ltr'>his</span> <span class='ocrx_word' id='word_1_38' title='bbox 617 651 718 700; x_wconf 81' lang='lat' dir='ltr'>meliora</span> <span class='ocrx_word' id='word_1_39' title='bbox 733 651 826 700; x_wconf 74' lang='lat' dir='ltr'>tenetis</span> 
     </span>
     <span class='ocr_line' id='line_1_7' title="bbox 204 723 741 790; baseline -0.006 -15"><span class='ocrx_word' id='word_1_40' title='bbox 204 726 271 776; x_wconf 89' lang='lat' dir='ltr'>lnter</span> <span class='ocrx_word' id='word_1_41' title='bbox 287 724 395 774; x_wconf 81' lang='lat' dir='ltr'>diversos</span> <span class='ocrx_word' id='word_1_42' title='bbox 410 742 465 774; x_wconf 87' lang='lat' dir='ltr'>corn</span> <span class='ocrx_word' id='word_1_43' title='bbox 479 723 543 775; x_wconf 80' lang='lat' dir='ltr'>love</span> <span class='ocrx_word' id='word_1_44' title='bbox 559 739 634 790; x_wconf 82' lang='lat' dir='ltr'>regna</span> <span class='ocrx_word' id='word_1_45' title='bbox 649 724 741 787; x_wconf 80' lang='lat' dir='ltr'>polos3</span> 
     </span>
     <span class='ocr_line' id='line_1_8' title="bbox 166 796 890 872; baseline -0.003 -24"><span class='ocrx_word' id='word_1_46' title='bbox 166 799 223 849; x_wconf 85' lang='lat' dir='ltr'>Huc</span> <span class='ocrx_word' id='word_1_47' title='bbox 238 815 344 866; x_wconf 83' lang='lat' dir='ltr'>precor,</span> <span class='ocrx_word' id='word_1_48' title='bbox 361 798 409 848; x_wconf 87' lang='lat' dir='ltr'>huc</span> <span class='ocrx_word' id='word_1_49' title='bbox 422 797 513 848; x_wconf 76' lang='lat' dir='ltr'>vestras</span> <span class='ocrx_word' id='word_1_50' title='bbox 526 812 613 846; x_wconf 84' lang='lat' dir='ltr'>onmes</span> <span class='ocrx_word' id='word_1_51' title='bbox 628 796 748 846; x_wconf 84' lang='lat' dir='ltr'>advertite</span> <span class='ocrx_word' id='word_1_52' title='bbox 766 807 863 872; x_wconf 76' lang='lat' dir='ltr'>meqtes</span> <span class='ocrx_word' id='word_1_53' title='bbox 875 829 890 855; x_wconf 78' lang='lat'>,</span> 
     </span>
     <span class='ocr_line' id='line_1_9' title="bbox 203 869 750 936; baseline -0.007 -14"><span class='ocrx_word' id='word_1_54' title='bbox 203 873 236 922; x_wconf 89' lang='lat' dir='ltr'>Et</span> <span class='ocrx_word' id='word_1_55' title='bbox 250 873 322 922; x_wconf 85' lang='lat' dir='ltr'>sinite</span> <span class='ocrx_word' id='word_1_56' title='bbox 338 870 427 936; x_wconf 86' lang='lat' dir='ltr'>optatis</span> <span class='ocrx_word' id='word_1_57' title='bbox 442 869 538 935; x_wconf 84' lang='lat' dir='ltr'>pondus</span> <span class='ocrx_word' id='word_1_58' title='bbox 553 869 626 919; x_wconf 82' lang='lat' dir='ltr'>inelle</span> <span class='ocrx_word' id='word_1_59' title='bbox 643 869 712 918; x_wconf 85' lang='lat' dir='ltr'>meis.</span> <span class='ocrx_word' id='word_1_60' title='bbox 746 897 750 908; x_wconf 92' lang='lat'>·</span> 
     </span>
     <span class='ocr_line' id='line_1_10' title="bbox 165 937 887 1012; baseline -0.006 -16"><span class='ocrx_word' id='word_1_61' title='bbox 165 945 267 1012; x_wconf 79' lang='lat' dir='ltr'>ipsaque</span> <span class='ocrx_word' id='word_1_62' title='bbox 282 957 331 1004; x_wconf 86' lang='lat' dir='ltr'>tu,</span> <span class='ocrx_word' id='word_1_63' title='bbox 348 944 453 1001; x_wconf 89' lang='lat' dir='ltr'>Tellus,</span> <span class='ocrx_word' id='word_1_64' title='bbox 469 942 545 1008; x_wconf 87' lang='lat' dir='ltr'>ipsum</span> <span class='ocrx_word' id='word_1_65' title='bbox 563 958 618 992; x_wconf 87' lang='lat' dir='ltr'>cum</span> <span class='ocrx_word' id='word_1_66' title='bbox 633 941 744 992; x_wconf 70' lang='lat' dir='ltr'>fluflibus</span> <span class='ocrx_word' id='word_1_67' title='bbox 760 937 859 1009; x_wconf 85' lang='lat' dir='ltr'>AEquor</span> <span class='ocrx_word' id='word_1_68' title='bbox 871 973 887 998; x_wconf 81' lang='lat'>,</span> 
     </span>
     <span class='ocr_line' id='line_1_11' title="bbox 120 1013 768 1083; baseline -0.008 -14"><span class='ocrx_word' id='word_1_69' title='bbox 120 1035 157 1083; x_wconf 85' lang='lat' dir='ltr'>7o</span> <span class='ocrx_word' id='word_1_70' title='bbox 204 1019 256 1082; x_wconf 85' lang='lat' dir='ltr'>lpse</span> <span class='ocrx_word' id='word_1_71' title='bbox 270 1033 335 1068; x_wconf 85' lang='lat' dir='ltr'>meas</span> <span class='ocrx_word' id='word_1_72' title='bbox 350 1013 439 1068; x_wconf 77' lang='lat' dir='ltr'>AEther</span> <span class='ocrx_word' id='word_1_73' title='bbox 451 1015 537 1081; x_wconf 78' lang='lat' dir='ltr'>accipe</span> <span class='ocrx_word' id='word_1_74' title='bbox 553 1015 643 1065; x_wconf 85' lang='lat' dir='ltr'>summe</span> <span class='ocrx_word' id='word_1_75' title='bbox 657 1030 768 1080; x_wconf 79' lang='lat' dir='ltr'>preces:</span> 
     </span>
     <span class='ocr_line' id='line_1_12' title="bbox 166 1088 818 1157; baseline -0.008 -16"><span class='ocrx_word' id='word_1_76' title='bbox 166 1091 319 1157; x_wconf 79' lang='lat' dir='ltr'>Sideraque,</span> <span class='ocrx_word' id='word_1_77' title='bbox 337 1090 451 1141; x_wconf 83' lang='lat' dir='ltr'>&amp;radiis</span> <span class='ocrx_word' id='word_1_78' title='bbox 467 1089 613 1140; x_wconf 75' lang='lat' dir='ltr'>circumdata</span> <span class='ocrx_word' id='word_1_79' title='bbox 630 1088 695 1138; x_wconf 86' lang='lat' dir='ltr'>Solis</span> <span class='ocrx_word' id='word_1_80' title='bbox 712 1088 818 1155; x_wconf 63' lang='lat' dir='ltr'>imagoe</span> 
     </span>
     <span class='ocr_line' id='line_1_13' title="bbox 202 1159 886 1231; baseline -0.006 -17"><span class='ocrx_word' id='word_1_81' title='bbox 202 1164 335 1231; x_wconf 79' lang='lat' dir='ltr'>Lunaque,</span> <span class='ocrx_word' id='word_1_82' title='bbox 351 1180 405 1230; x_wconf 83' lang='lat' dir='ltr'>quae</span> <span class='ocrx_word' id='word_1_83' title='bbox 414 1179 559 1228; x_wconf 83' lang='lat' dir='ltr'>numquam,</span> <span class='ocrx_word' id='word_1_84' title='bbox 572 1178 622 1227; x_wconf 88' lang='lat' dir='ltr'>quo</span> <span class='ocrx_word' id='word_1_85' title='bbox 632 1159 715 1227; x_wconf 76' lang='lat' dir='ltr'>prius,</span> <span class='ocrx_word' id='word_1_86' title='bbox 731 1177 776 1210; x_wconf 88' lang='lat' dir='ltr'>ore</span> <span class='ocrx_word' id='word_1_87' title='bbox 787 1160 862 1210; x_wconf 89' lang='lat' dir='ltr'>micas</span> <span class='ocrx_word' id='word_1_88' title='bbox 871 1177 886 1218; x_wconf 67' lang='lat'>3</span> 
     </span>
     <span class='ocr_line' id='line_1_14' title="bbox 165 1235 822 1304; baseline -0.011 -15"><span class='ocrx_word' id='word_1_89' title='bbox 165 1240 272 1304; x_wconf 81' lang='lat' dir='ltr'>Noxque</span> <span class='ocrx_word' id='word_1_90' title='bbox 287 1238 442 1287; x_wconf 82' lang='lat' dir='ltr'>tenebrarum</span> <span class='ocrx_word' id='word_1_91' title='bbox 456 1236 537 1303; x_wconf 84' lang='lat' dir='ltr'>specie</span> <span class='ocrx_word' id='word_1_92' title='bbox 553 1235 689 1284; x_wconf 84' lang='lat' dir='ltr'>reverenda</span> <span class='ocrx_word' id='word_1_93' title='bbox 704 1246 822 1292; x_wconf 82' lang='lat' dir='ltr'>tuarum;</span> 
     </span>
     <span class='ocr_line' id='line_1_15' title="bbox 204 1307 829 1379; baseline -0.008 -18"><span class='ocrx_word' id='word_1_94' title='bbox 204 1311 315 1378; x_wconf 71' lang='lat' dir='ltr'>Quaque</span> <span class='ocrx_word' id='word_1_95' title='bbox 330 1322 409 1360; x_wconf 81' lang='lat' dir='ltr'>ranam</span> <span class='ocrx_word' id='word_1_96' title='bbox 423 1309 513 1376; x_wconf 85' lang='lat' dir='ltr'>triplici</span> <span class='ocrx_word' id='word_1_97' title='bbox 529 1308 619 1374; x_wconf 84' lang='lat' dir='ltr'>pollice</span> <span class='ocrx_word' id='word_1_98' title='bbox 634 1307 696 1379; x_wconf 76' lang='lat' dir='ltr'>netis</span> <span class='ocrx_word' id='word_1_99' title='bbox 710 1323 773 1372; x_wconf 85' lang='lat' dir='ltr'>opus</span> <span class='ocrx_word' id='word_1_100' title='bbox 785 1323 801 1364; x_wconf 68' lang='grc' dir='ltr'>ς.</span> <span class='ocrx_word' id='word_1_101' title='bbox 826 1309 829 1314; x_wconf 87' lang='grc'><em>“</em></span> 
     </span>
     <span class='ocr_line' id='line_1_16' title="bbox 72 1380 817 1451; baseline -0.007 -16"><span class='ocrx_word' id='word_1_102' title='bbox 72 1383 83 1420; x_wconf 76' lang='grc'>’-</span> <span class='ocrx_word' id='word_1_103' title='bbox 121 1401 154 1451; x_wconf 85' lang='lat'>75</span> <span class='ocrx_word' id='word_1_104' title='bbox 169 1384 268 1450; x_wconf 82' lang='lat' dir='ltr'>Quique</span> <span class='ocrx_word' id='word_1_105' title='bbox 284 1400 329 1450; x_wconf 83' lang='lat' dir='ltr'>per</span> <span class='ocrx_word' id='word_1_106' title='bbox 342 1384 447 1433; x_wconf 78' lang='lat' dir='ltr'>infernas</span> <span class='ocrx_word' id='word_1_107' title='bbox 462 1382 590 1438; x_wconf 83' lang='lat' dir='ltr'>laorrendo¹</span> <span class='ocrx_word' id='word_1_108' title='bbox 602 1391 724 1430; x_wconf 84' lang='lat' dir='ltr'>murmure</span> <span class='ocrx_word' id='word_1_109' title='bbox 738 1380 817 1431; x_wconf 86' lang='lat' dir='ltr'>valles</span> 
     </span>
     <span class='ocr_line' id='line_1_17' title="bbox 203 1455 667 1524; baseline -0.009 -17"><span class='ocrx_word' id='word_1_110' title='bbox 203 1455 368 1524; x_wconf 72' lang='lat' dir='ltr'>lmperjuratae</span> <span class='ocrx_word' id='word_1_111' title='bbox 381 1455 471 1506; x_wconf 77' lang='lat' dir='ltr'>laseris</span> <span class='ocrx_word' id='word_1_112' title='bbox 485 1455 561 1522; x_wconf 79' lang='lat' dir='ltr'>ampis</span> <span class='ocrx_word' id='word_1_113' title='bbox 575 1471 644 1521; x_wconf 79' lang='lat' dir='ltr'>aquae</span> <span class='ocrx_word' id='word_1_114' title='bbox 657 1471 667 1511; x_wconf 66' lang='grc' dir='ltr'><strong><em>ς</em></strong></span> 
     </span>
     <span class='ocr_line' id='line_1_18' title="bbox 166 1525 781 1597; baseline -0.007 -16"><span class='ocrx_word' id='word_1_115' title='bbox 166 1530 284 1597; x_wconf 83' lang='lat' dir='ltr'>Quasque</span> <span class='ocrx_word' id='word_1_116' title='bbox 300 1530 382 1580; x_wconf 77' lang='lat' dir='ltr'>ierunt</span> <span class='ocrx_word' id='word_1_117' title='bbox 391 1539 466 1579; x_wconf 73' lang='lat' dir='ltr'>&#39;torto</span> <span class='ocrx_word' id='word_1_118' title='bbox 480 1529 578 1578; x_wconf 74' lang='lat' dir='ltr'>rietatis</span> <span class='ocrx_word' id='word_1_119' title='bbox 590 1545 669 1595; x_wconf 80' lang='lat' dir='ltr'>angue</span> <span class='ocrx_word' id='word_1_120' title='bbox 685 1525 781 1593; x_wconf 72' lang='lat' dir='ltr'>capillis</span> 
     </span>
     <span class='ocr_line' id='line_1_19' title="bbox 204 1600 722 1658; baseline -0.004 -6"><span class='ocrx_word' id='word_1_121' title='bbox 204 1601 318 1654; x_wconf 76' lang='lat' dir='ltr'>Carceris</span> <span class='ocrx_word' id='word_1_122' title='bbox 333 1601 448 1652; x_wconf 77' lang='lat' dir='ltr'>obscuras</span> <span class='ocrx_word' id='word_1_123' title='bbox 460 1613 518 1651; x_wconf 85' lang='lat' dir='ltr'>anre</span> <span class='ocrx_word' id='word_1_124' title='bbox 535 1600 619 1651; x_wconf 86' lang='lat' dir='ltr'>sedere</span> <span class='ocrx_word' id='word_1_125' title='bbox 634 1601 722 1658; x_wconf 69' lang='lat' dir='ltr'>fereae</span> 
     </span>
     <span class='ocr_line' id='line_1_20' title="bbox 139 1672 885 1744; baseline -0.008 -16"><span class='ocrx_word' id='word_1_126' title='bbox 139 1677 194 1728; x_wconf 87' lang='lat' dir='ltr'>Vos</span> <span class='ocrx_word' id='word_1_127' title='bbox 203 1676 380 1744; x_wconf 82' lang='lat' dir='ltr'>queque,plebs</span> <span class='ocrx_word' id='word_1_128' title='bbox 388 1672 885 1741; x_wconf 63' lang='lat' dir='ltr'>Superimffiauni,Satyrique,1.aresque,</span> 
     </span>
     <span class='ocr_line' id='line_1_21' title="bbox 122 1746 861 1816; baseline -0.011 -13"><span class='ocrx_word' id='word_1_129' title='bbox 122 1753 157 1803; x_wconf 79' lang='lat'>80</span> <span class='ocrx_word' id='word_1_130' title='bbox 184 1775 187 1778; x_wconf 47' lang='lat'><strong>⁴</strong></span> <span class='ocrx_word' id='word_1_131' title='bbox 205 1749 378 1815; x_wconf 78' lang='lat' dir='ltr'>Fluminaque,</span> <span class='ocrx_word' id='word_1_132' title='bbox 390 1749 417 1800; x_wconf 85' lang='lat'>&amp;</span> <span class='ocrx_word' id='word_1_133' title='bbox 426 1748 563 1816; x_wconf 69' lang='lat' dir='ltr'>Nympha,</span> <span class='ocrx_word' id='word_1_134' title='bbox 576 1746 861 1814; x_wconf 69' lang='lat' dir='ltr'>Semideilnrquegenus.</span> 
     </span>
     <span class='ocr_line' id='line_1_22' title="bbox 164 1819 827 1891; baseline -0.011 -15"><span class='ocrx_word' id='word_1_135' title='bbox 164 1823 281 1891; x_wconf 85' lang='lat' dir='ltr'>Denique</span> <span class='ocrx_word' id='word_1_136' title='bbox 297 1823 327 1873; x_wconf 81' lang='lat' dir='ltr'>ab</span> <span class='ocrx_word' id='word_1_137' title='bbox 343 1822 444 1889; x_wconf 85' lang='lat' dir='ltr'>antiqno</span> <span class='ocrx_word' id='word_1_138' title='bbox 457 1821 518 1871; x_wconf 79' lang='lat' dir='ltr'>Diui</span> <span class='ocrx_word' id='word_1_139' title='bbox 532 1833 679 1887; x_wconf 82' lang='lat' dir='ltr'>veteresque</span> <span class='ocrx_word' id='word_1_140' title='bbox 695 1819 801 1886; x_wconf 82' lang='lat' dir='ltr'>novique</span> <span class='ocrx_word' id='word_1_141' title='bbox 814 1852 827 1879; x_wconf 82' lang='lat'>,</span> 
     </span>
     <span class='ocr_line' id='line_1_23' title="bbox 203 1892 765 1961; baseline -0.009 -14"><span class='ocrx_word' id='word_1_142' title='bbox 203 1898 231 1947; x_wconf 92' lang='lat' dir='ltr'>ln</span> <span class='ocrx_word' id='word_1_143' title='bbox 244 1896 348 1947; x_wconf 75' lang='lat' dir='ltr'>nostrum</span> <span class='ocrx_word' id='word_1_144' title='bbox 365 1896 444 1946; x_wconf 72' lang='lat' dir='ltr'>cunili</span> <span class='ocrx_word' id='word_1_145' title='bbox 457 1908 555 1961; x_wconf 78' lang='lat' dir='ltr'>tempus</span> <span class='ocrx_word' id='word_1_146' title='bbox 567 1894 666 1953; x_wconf 83' lang='lat' dir='ltr'>adeste,</span> <span class='ocrx_word' id='word_1_147' title='bbox 686 1892 765 1944; x_wconf 84' lang='lat' dir='ltr'>Chao.</span> 
     </span>
     <span class='ocr_line' id='line_1_24' title="bbox 167 1966 795 2037; baseline -0.01 -16"><span class='ocrx_word' id='word_1_148' title='bbox 167 1971 279 2021; x_wconf 82' lang='lat' dir='ltr'>Carmina</span> <span class='ocrx_word' id='word_1_149' title='bbox 289 1970 351 2025; x_wconf 64' lang='lat' dir='ltr'>„dum</span> <span class='ocrx_word' id='word_1_150' title='bbox 367 1970 440 2037; x_wconf 84' lang='lat' dir='ltr'>capiti</span> <span class='ocrx_word' id='word_1_151' title='bbox 454 1966 568 2019; x_wconf 85' lang='lat' dir='ltr'>malefido</span> <span class='ocrx_word' id='word_1_152' title='bbox 585 1968 636 2017; x_wconf 85' lang='lat' dir='ltr'>dira</span> <span class='ocrx_word' id='word_1_153' title='bbox 653 1979 795 2023; x_wconf 83' lang='lat' dir='ltr'>canuntur,</span> 
     </span>
     <span class='ocr_line' id='line_1_25' title="bbox 201 2039 743 2111; baseline -0.006 -19"><span class='ocrx_word' id='word_1_154' title='bbox 201 2042 234 2093; x_wconf 85' lang='lat' dir='ltr'>Et</span> <span class='ocrx_word' id='word_1_155' title='bbox 249 2054 367 2111; x_wconf 69' lang='lat' dir='ltr'>peragunt</span> <span class='ocrx_word' id='word_1_156' title='bbox 380 2055 462 2109; x_wconf 82' lang='lat' dir='ltr'>partes</span> <span class='ocrx_word' id='word_1_157' title='bbox 476 2042 514 2092; x_wconf 80' lang='lat' dir='ltr'>ita</span> <span class='ocrx_word' id='word_1_158' title='bbox 530 2041 650 2107; x_wconf 85' lang='lat' dir='ltr'>dolorque</span> <span class='ocrx_word' id='word_1_159' title='bbox 666 2039 717 2090; x_wconf 87' lang='lat' dir='ltr'>suas</span> <span class='ocrx_word' id='word_1_160' title='bbox 729 2072 743 2098; x_wconf 84' lang='lat'>,</span> 
     </span>
     <span class='ocr_line' id='line_1_26' title="bbox 121 2111 752 2183; baseline -0.006 -15"><span class='ocrx_word' id='word_1_161' title='bbox 121 2117 154 2180; x_wconf 76' lang='lat'>85</span> <span class='ocrx_word' id='word_1_162' title='bbox 168 2116 277 2167; x_wconf 67' lang='lat' dir='ltr'>Annuite</span> <span class='ocrx_word' id='word_1_163' title='bbox 293 2114 384 2183; x_wconf 75' lang='lat' dir='ltr'>optatis</span> <span class='ocrx_word' id='word_1_164' title='bbox 397 2132 486 2166; x_wconf 85' lang='lat' dir='ltr'>ornnes.</span> <span class='ocrx_word' id='word_1_165' title='bbox 499 2132 532 2167; x_wconf 80' lang='lat' dir='ltr'>ex</span> <span class='ocrx_word' id='word_1_166' title='bbox 544 2113 630 2165; x_wconf 86' lang='lat' dir='ltr'>ordine</span> <span class='ocrx_word' id='word_1_167' title='bbox 647 2111 752 2170; x_wconf 79' lang='lat' dir='ltr'>nostris,</span> 
     </span>
     <span class='ocr_line' id='line_1_27' title="bbox 204 2187 676 2255; baseline -0.002 -16"><span class='ocrx_word' id='word_1_168' title='bbox 204 2188 237 2240; x_wconf 85' lang='lat' dir='ltr'>Et</span> <span class='ocrx_word' id='word_1_169' title='bbox 249 2205 304 2255; x_wconf 81' lang='lat' dir='ltr'>pars</span> <span class='ocrx_word' id='word_1_170' title='bbox 319 2189 352 2239; x_wconf 83' lang='lat' dir='ltr'>sit</span> <span class='ocrx_word' id='word_1_171' title='bbox 363 2190 417 2239; x_wconf 78' lang='lat' dir='ltr'>voti</span> <span class='ocrx_word' id='word_1_172' title='bbox 431 2190 498 2239; x_wconf 81' lang='lat' dir='ltr'>nulla</span> <span class='ocrx_word' id='word_1_173' title='bbox 512 2188 603 2239; x_wconf 84' lang='lat' dir='ltr'>caduca</span> <span class='ocrx_word' id='word_1_174' title='bbox 617 2187 676 2239; x_wconf 80' lang='lat' dir='ltr'>mei.</span> 
     </span>
     <span class='ocr_line' id='line_1_28' title="bbox 164 2257 885 2333; baseline -0.003 -20"><span class='ocrx_word' id='word_1_175' title='bbox 164 2262 278 2333; x_wconf 79' lang='lat' dir='ltr'>Quaeqne</span> <span class='ocrx_word' id='word_1_176' title='bbox 294 2277 400 2327; x_wconf 88' lang='lat' dir='ltr'>precor,</span> <span class='ocrx_word' id='word_1_177' title='bbox 413 2262 472 2312; x_wconf 82' lang='lat' dir='ltr'>liant</span> <span class='ocrx_word' id='word_1_178' title='bbox 482 2278 491 2312; x_wconf 76' lang='lat' dir='ltr'>c</span> <span class='ocrx_word' id='word_1_179' title='bbox 502 2274 531 2312; x_wconf 86' lang='lat' dir='ltr'>ut</span> <span class='ocrx_word' id='word_1_180' title='bbox 546 2278 597 2313; x_wconf 85' lang='lat' dir='ltr'>non</span> <span class='ocrx_word' id='word_1_181' title='bbox 610 2276 664 2311; x_wconf 90' lang='lat' dir='ltr'>mea</span> <span class='ocrx_word' id='word_1_182' title='bbox 678 2259 760 2319; x_wconf 66' lang='lat' dir='ltr'>dina,</span> <span class='ocrx_word' id='word_1_183' title='bbox 777 2257 821 2310; x_wconf 86' lang='lat' dir='ltr'>sed</span> <span class='ocrx_word' id='word_1_184' title='bbox 836 2259 885 2311; x_wconf 76' lang='lat' dir='ltr'>illa</span> 
     </span>
     <span class='ocr_line' id='line_1_29' title="bbox 201 2333 700 2403; baseline -0.004 -18"><span class='ocrx_word' id='word_1_185' title='bbox 201 2334 330 2402; x_wconf 70' lang='lat' dir='ltr'>Pasiphaes</span> <span class='ocrx_word' id='word_1_186' title='bbox 346 2336 432 2403; x_wconf 73' lang='lat' dir='ltr'>generi</span> <span class='ocrx_word' id='word_1_187' title='bbox 444 2336 520 2385; x_wconf 82' lang='lat' dir='ltr'>verba</span> <span class='ocrx_word' id='word_1_188' title='bbox 536 2333 603 2385; x_wconf 78' lang='lat' dir='ltr'>iru&#39;sse</span> <span class='ocrx_word' id='word_1_189' title='bbox 619 2346 700 2401; x_wconf 75' lang='lat' dir='ltr'>putet.</span> 
     </span>
     <span class='ocr_line' id='line_1_30' title="bbox 165 2404 848 2475; baseline 0.001 -17"><span class='ocrx_word' id='word_1_190' title='bbox 165 2408 284 2475; x_wconf 68' lang='lat' dir='ltr'>Quaeque</span> <span class='ocrx_word' id='word_1_191' title='bbox 296 2424 345 2475; x_wconf 75' lang='lat' dir='ltr'>ego</span> <span class='ocrx_word' id='word_1_192' title='bbox 360 2409 479 2461; x_wconf 81' lang='lat' dir='ltr'>transiero</span> <span class='ocrx_word' id='word_1_193' title='bbox 496 2424 580 2475; x_wconf 83' lang='lat' dir='ltr'>poenas</span> <span class='ocrx_word' id='word_1_194' title='bbox 594 2440 604 2465; x_wconf 91' lang='lat'>,</span> <span class='ocrx_word' id='word_1_195' title='bbox 619 2407 723 2473; x_wconf 81' lang='lat' dir='ltr'>patietur</span> <span class='ocrx_word' id='word_1_196' title='bbox 739 2406 766 2457; x_wconf 76' lang='grc' dir='ltr'>δι</span> <span class='ocrx_word' id='word_1_197' title='bbox 781 2404 848 2459; x_wconf 77' lang='lat' dir='ltr'>illas.</span> 
     </span>
     <span class='ocr_line' id='line_1_31' title="bbox 120 2479 691 2550; baseline -0.007 -17"><span class='ocrx_word' id='word_1_198' title='bbox 120 2496 155 2549; x_wconf 84' lang='grc' dir='ltr'>9ο</span> <span class='ocrx_word' id='word_1_199' title='bbox 203 2479 301 2533; x_wconf 73' lang='lat' dir='ltr'>Plenius</span> <span class='ocrx_word' id='word_1_200' title='bbox 316 2481 463 2550; x_wconf 70' lang='lat' dir='ltr'>ingeniosic</span> <span class='ocrx_word' id='word_1_201' title='bbox 478 2481 548 2531; x_wconf 85' lang='lat' dir='ltr'>miser</span> <span class='ocrx_word' id='word_1_202' title='bbox 564 2481 607 2531; x_wconf 88' lang='lat' dir='ltr'>ille</span> <span class='ocrx_word' id='word_1_203' title='bbox 623 2497 691 2531; x_wconf 86' lang='lat' dir='ltr'>meo.</span> 
     </span>
    </p>

    <p class='ocr_par' dir='ltr' id='par_1_3' title="bbox 134 2552 861 2771">
     <span class='ocr_line' id='line_1_32' title="bbox 134 2552 809 2607; baseline -0.003 -3"><span class='ocrx_word' id='word_1_204' title='bbox 134 2596 138 2603; x_wconf 95' lang='lat'>.</span> <span class='ocrx_word' id='word_1_205' title='bbox 164 2552 329 2606; x_wconf 80' lang='lat' dir='ltr'>Neveminlu</span> <span class='ocrx_word' id='word_1_206' title='bbox 341 2556 439 2607; x_wconf 82' lang='lat' dir='ltr'>valeant</span> <span class='ocrx_word' id='word_1_207' title='bbox 452 2554 533 2605; x_wconf 70' lang='lat' dir='ltr'>fliium</span> <span class='ocrx_word' id='word_1_208' title='bbox 550 2554 698 2605; x_wconf 77' lang='lat' dir='ltr'>exsecrantia</span> <span class='ocrx_word' id='word_1_209' title='bbox 713 2568 809 2605; x_wconf 64' lang='lat' dir='ltr'>nornen,</span> 
     </span>
     <span class='ocr_line' id='line_1_33' title="bbox 200 2626 814 2697; baseline -0.005 -18"><span class='ocrx_word' id='word_1_210' title='bbox 200 2629 293 2693; x_wconf 72' lang='lat' dir='ltr'>Vota,</span> <span class='ocrx_word' id='word_1_211' title='bbox 307 2626 385 2680; x_wconf 81' lang='lat' dir='ltr'>minias</span> <span class='ocrx_word' id='word_1_212' title='bbox 399 2645 498 2697; x_wconf 76' lang='lat' dir='ltr'>magnos</span> <span class='ocrx_word' id='word_1_213' title='bbox 515 2640 717 2679; x_wconf 79' lang='lat' dir='ltr'>commoveantve</span> <span class='ocrx_word' id='word_1_214' title='bbox 731 2626 814 2677; x_wconf 81' lang='lat' dir='ltr'>Deos.</span> 
     </span>
     <span class='ocr_line' id='line_1_34' title="bbox 164 2698 861 2771; baseline -0.007 -17"><span class='ocrx_word' id='word_1_215' title='bbox 164 2701 236 2754; x_wconf 84' lang='lat' dir='ltr'>Illum</span> <span class='ocrx_word' id='word_1_216' title='bbox 252 2718 301 2771; x_wconf 77' lang='lat' dir='ltr'>ego</span> <span class='ocrx_word' id='word_1_217' title='bbox 315 2702 448 2760; x_wconf 60' lang='lat' dir='ltr'>devoveo,</span> <span class='ocrx_word' id='word_1_218' title='bbox 465 2718 538 2769; x_wconf 89' lang='lat' dir='ltr'>quem</span> <span class='ocrx_word' id='word_1_219' title='bbox 550 2718 617 2752; x_wconf 85' lang='lat' dir='ltr'>mens</span> <span class='ocrx_word' id='word_1_220' title='bbox 633 2700 768 2767; x_wconf 72' lang='lat' dir='ltr'>intelligit,</span> <span class='ocrx_word' id='word_1_221' title='bbox 786 2698 861 2757; x_wconf 69' lang='lat' dir='ltr'>lbiue</span> 
     </span>
    </p>

    <p class='ocr_par' dir='ltr' id='par_1_4' title="bbox 120 2773 859 2991">
     <span class='ocr_line' id='line_1_35' title="bbox 201 2773 729 2840; baseline -0.006 -15"><span class='ocrx_word' id='word_1_222' title='bbox 201 2774 253 2839; x_wconf 88' lang='lat' dir='ltr'>Qui</span> <span class='ocrx_word' id='word_1_223' title='bbox 268 2774 292 2825; x_wconf 89' lang='lat' dir='ltr'>se</span> <span class='ocrx_word' id='word_1_224' title='bbox 309 2775 354 2825; x_wconf 86' lang='lat' dir='ltr'>scit</span> <span class='ocrx_word' id='word_1_225' title='bbox 367 2775 440 2825; x_wconf 65' lang='lat' dir='ltr'>fallis</span> <span class='ocrx_word' id='word_1_226' title='bbox 450 2775 493 2824; x_wconf 84' lang='lat' dir='ltr'>has</span> <span class='ocrx_word' id='word_1_227' title='bbox 509 2773 618 2835; x_wconf 69' lang='lat' dir='ltr'>meruisse</span> <span class='ocrx_word' id='word_1_228' title='bbox 633 2778 729 2840; x_wconf 81' lang='lat' dir='ltr'>preces.</span> 
     </span>
     <span class='ocr_line' id='line_1_36' title="bbox 120 2844 859 2915; baseline -0.003 -14"><span class='ocrx_word' id='word_1_229' title='bbox 120 2862 137 2913; x_wconf 80' lang='grc'><strong>9</strong></span> <span class='ocrx_word' id='word_1_230' title='bbox 141 2862 153 2911; x_wconf 89' lang='lat'><em>5</em></span> <span class='ocrx_word' id='word_1_231' title='bbox 166 2849 241 2901; x_wconf 76' lang='lat' dir='ltr'>Nulla</span> <span class='ocrx_word' id='word_1_232' title='bbox 251 2865 319 2899; x_wconf 83' lang='lat' dir='ltr'>mora</span> <span class='ocrx_word' id='word_1_233' title='bbox 329 2848 363 2898; x_wconf 83' lang='lat' dir='ltr'>eli</span> <span class='ocrx_word' id='word_1_234' title='bbox 372 2849 398 2898; x_wconf 89' lang='lat' dir='ltr'>in</span> <span class='ocrx_word' id='word_1_235' title='bbox 407 2865 446 2899; x_wconf 80' lang='lat' dir='ltr'>nie</span> <span class='ocrx_word' id='word_1_236' title='bbox 459 2864 466 2898; x_wconf 72' lang='grc' dir='ltr'><strong><em>ε</em></strong></span> <span class='ocrx_word' id='word_1_237' title='bbox 477 2864 590 2915; x_wconf 83' lang='lat' dir='ltr'>peragam</span> <span class='ocrx_word' id='word_1_238' title='bbox 599 2860 652 2898; x_wconf 79' lang='lat' dir='ltr'>rata</span> <span class='ocrx_word' id='word_1_239' title='bbox 661 2859 719 2897; x_wconf 82' lang='lat' dir='ltr'>vota</span> <span class='ocrx_word' id='word_1_240' title='bbox 730 2844 859 2899; x_wconf 62' lang='lat' dir='ltr'>sacerdos·</span> 
     </span>
     <span class='ocr_line' id='line_1_37' title="bbox 201 2919 763 2991; baseline -0.004 -16"><span class='ocrx_word' id='word_1_241' title='bbox 201 2921 317 2991; x_wconf 83' lang='lat' dir='ltr'>Quisquis</span> <span class='ocrx_word' id='word_1_242' title='bbox 329 2922 389 2975; x_wconf 76' lang='lat' dir='ltr'>edes</span> <span class='ocrx_word' id='word_1_243' title='bbox 404 2923 494 2983; x_wconf 68' lang='lat' dir='ltr'>lacu,</span> <span class='ocrx_word' id='word_1_244' title='bbox 512 2938 557 2987; x_wconf 66' lang='lat' dir='ltr'>ore</span> <span class='ocrx_word' id='word_1_245' title='bbox 572 2922 674 2989; x_wconf 77' lang='lat' dir='ltr'>favete,</span> <span class='ocrx_word' id='word_1_246' title='bbox 690 2919 763 2974; x_wconf 79' lang='lat' dir='ltr'>meis.</span> 
     </span>
    </p>
   </div>
   <div class='ocr_carea' id='block_1_3' title="bbox 0 0 992 3700">
    <p class='ocr_par' dir='ltr' id='par_1_5' title="bbox 0 0 992 3700">
     <span class='ocr_line' id='line_1_38' title="bbox 0 0 992 3700; baseline 0 0"><span class='ocrx_word' id='word_1_247' title='bbox 0 0 992 3700; x_wconf 95' lang='lat' dir='ltr'> </span> 
     </span>
    </p>
   </div>
  </div>
 </body>
</html>
