1975 3700
194 216 267 312 136
314 217 356 286 P.
384 219 576 290 0V11>11
600 222 841 293 Nasonrs

189 337 305 402 Inspice,
324 355 384 404 quos
399 340 486 391 habeat
501 342 632 391 nemoralis
647 341 730 392 Aricia
745 343 765 392 1³
766 336 855 401 astos,

145 410 179 461 60
229 410 259 459 Et
276 413 379 477 populus
397 413 526 470 Laurens,
543 414 726 480 Lanuviumque
741 433 848 466 meum:

189 481 229 534 Est
244 483 294 532 illic
310 486 398 535 mensis
413 485 542 538 Junonius.
561 487 653 554 Inspice
668 489 766 547 Tibur,

224 553 255 604 Et
270 555 419 609 Praenellinae
435 561 523 610 moenia
539 559 604 611 sacra
617 561 702 619 Dee}

187 627 307 682 Junonale
323 632 390 698 leges
407 644 505 698 tempus
517 648 525 683 t
537 650 583 683 uec
598 633 717 683 Romulus
731 634 789 684 illas

226 702 360 754 Condidit:
373 717 399 754 at
414 705 486 755 nostri
503 705 581 757 Roma
598 707 694 771 nepotis
710 718 775 757 erat.

144 777 176 844 65
190 774 297 827 Finierat
310 775 374 829 luno
389 793 396 834 ς
412 777 569 843 respeximus,
586 778 700 829 Herculis
716 795 780 830 uxor

225 847 327 906 Stabat,
348 852 374 902 δι
391 852 416 900 in
431 854 502 902 vult'u
516 853 583 920 signa
601 853 706 903 dolentis
722 864 805 903 erant.

188 921 247 972 Non
262 937 328 990 ego,
343 923 366 972 si
384 936 439 973 toto
455 936 533 974 rnater
548 942 586 976 me
604 926 693 975 cedere
708 926 775 975 coelo

223 993 338 1054 Jusserit,
355 997 429 1046 inviti
444 1010 540 1056 mette,
557 1000 691 1057 morabot,
707 999 753 1049 ait.

188 1068 259 1118 Nunc
270 1085 367 1136 quoque
378 1086 428 1120 non
443 1069 522 1120 luctor
530 1071 562 1120 de
573 1071 670 1122 nomine
679 1071 800 1137 temporis
811 1071 886 1139 hujus
900 1090 910 1131 ;

143 1167 179 1216 70
225 1140 357 1200 Blandior,
376 1141 402 1192 δι
417 1154 499 1208 partes
513 1159 583 1209 pane
596 1145 704 1212 rogantis
721 1162 777 1212 ago.

188 1213 298 1281 Remque
314 1215 362 1266 rnei
377 1213 436 1280 juris
450 1218 531 1266 malim
548 1218 649 1267 tenuisse
665 1218 814 1284 precand03

223 1286 254 1336 Et
271 1288 352 1338 faveas
370 1288 444 1339 cause
461 1289 563 1340 forsitan
578 1291 627 1355 ipse
643 1307 714 1341 meae.

188 1359 270 1410 Aurea
286 1360 388 1426 possedit
403 1362 469 1412 socio
486 1361 611 1428 Capitolia
625 1364 720 1430 templo

224 1433 327 1494 Mater,
345 1435 371 1485 &
387 1446 415 1484 ut
431 1435 523 1496 debet,
541 1452 597 1486 cum
610 1435 781 1489 love-summa
797 1449 882 1490 tenet.

142 1527 176 1578 75
190 1506 224 1558 At
240 1507 314 1556 decus
331 1523 404 1557 omne
419 1509 477 1559 mihi
490 1509 612 1578 contingit
627 1510 721 1577 origine
736 1511 841 1562 mensis.

171 1611 173 1616 ·
226 1579 318 1630 Unicus
332 1580 384 1640 ell,
402 1581 432 1632 de
450 1597 499 1648 quo
515 1582 679 1640 solicitamur,
696 1584 785 1633 honor.

188 1652 255 1718 Quid
271 1669 360 1720 grave,
379 1653 399 1704 si
417 1655 514 1706 titulum
528 1655 637 1714 mensis,
653 1655 783 1714 Romane,
802 1657 891 1707 dedisti

225 1727 340 1778 Herculis
355 1727 446 1787 uxori,
462 1727 637 1796 posteritasque
653 1745 746 1778 memor
762 1726 774 1776 ἓ

187 1798 248 1851 Hec
259 1815 356 1868 quoque
367 1812 432 1853 terra
441 1803 531 1869 aliquid
544 1803 618 1854 debet
627 1803 685 1853 milri
695 1801 794 1854 nomine
805 1803 893 1871 magni

143 1878 177 1930 80
226 1873 345 1942 Coniugis
360 1890 367 1926 t
382 1875 429 1925 huc
444 1888 527 1941 captas
540 1878 632 1944 appulit
647 1878 690 1928 ille
703 1879 791 1927 boves.

187 1946 235 1999 lllc
252 1946 314 1998 ruald
328 1947 441 1999 defensus
456 1949 575 2010 flammis,
597 1952 624 2002 &
640 1951 699 2001 dote
715 1948 843 2017 patetnd,

138 2044 153 2051 -·
223 2019 303 2070 Cacus
320 2019 465 2071 Aventinam
483 2022 597 2090 sanguine
613 2023 686 2073 tinxit
702 2025 809 2073 humum.

185 2092 225 2143 nd
241 2092 354 2163 propiora
369 2109 471 2145 vocor:
487 2097 603 2160 populum
620 2097 721 2163 digessit
737 2098 767 2145 ab
782 2096 857 2147 annis

222 2165 358 2225 Romulus,
376 2166 496 2231 inpetres
510 2168 677 2234 distribuitque
692 2170 759 2219 duas.

141 2240 173 2305 85
188 2238 248 2291 Haec
264 2240 320 2291 dere
337 2240 482 2297 consilium,
498 2256 607 2307 pugnare
622 2241 729 2305 paratior
745 2240 860 2292 illaesi:

221 2313 282 2365 Haec
297 2326 355 2364 aetas
369 2314 458 2362 bellum
473 2312 575 2370 suadet,
594 2325 619 2363 at
633 2315 676 2364 illa
691 2315 763 2381 gerit.

184 2386 224 2437 Sic
240 2386 339 2444 slatuit,
354 2384 497 2451 mensesque
513 2386 573 2435 nord
588 2387 692 2437 secrevit
706 2387 800 2437 eidem.

221 2459 305 2513 lunius
320 2458 353 2509 esi
366 2457 482 2524 juvenum
495 2475 504 2516 3
521 2459 563 2524 qui
577 2459 624 2511 suit
639 2472 716 2516 ante,
733 2460 827 2510 senum.

184 2532 255 2583 Dixit
267 2548 276 2585 t
288 2534 314 2583 δι
329 2532 353 2580 in
372 2532 440 2581 litem
455 2531 532 2582 sludio
548 2533 685 2583 certaminis
699 2530 789 2588 iffent3

156 2622 192 2676 90
229 2608 299 2673 Aque
316 2603 351 2655 ird
367 2603 444 2671 pietas
461 2604 608 2655 dissimulata
624 2605 699 2656 soret.

183 2682 260 2736 Venit
274 2676 404 2745 Apollinei
421 2678 507 2745 longas
526 2678 666 2733 Concordia
680 2678 750 2729 lauro

220 2755 292 2805 Nera
306 2768 406 2807 comas,
424 2751 514 2816 placidi
532 2766 622 2801 numen
638 2766 748 2818 opusque
765 2748 859 2801 Ducis.

181 2830 244 2883 liat
259 2825 300 2877 nbi
314 2825 419 2875 narravit
431 2823 549 2883 Tatium,
567 2823 705 2891 sortemque
722 2822 876 2889 Quirinum,

218 2901 325 2968 Binaqne
341 2914 395 2953 cum
411 2897 508 2966 populis
527 2914 602 2977 regne
616 2896 689 2955 collis
704 2897 770 2960 luis,
