1975 3700
218 276 292 351 150
341 262 381 331 P.
408 260 862 335 Orrn.rrN.asorr1s

214 380 286 431 Hanc
295 382 353 440 tibi,
364 379 423 445 Qud
433 398 551 449 properas
559 394 710 439 ‚memorant
721 380 821 439 dixisse,
836 382 932 437 Rutilii

251 454 318 505 Luce
330 456 385 505 med
401 455 484 505 Marso
498 454 593 506 Consul
608 457 639 505 ab
653 455 721 505 hoste
737 456 823 507 cades.

156 523 205 591 565
216 526 303 578 Exitus
319 530 423 579 accessit
438 528 543 580 verbis:
557 528 696 596 flumenque
714 528 845 581 Telonum

253 600 378 667 Purpureo
392 602 472 652 mixtis
486 602 604 671 sanguine¹
619 602 691 652 fluxit
704 603 782 666 aquis.

215 672 341 726 Proximus
356 692 432 727 annus
448 688 524 725 erat:
540 674 676 744 Pallantide
690 675 765 725 caesus
781 674 873 729 eadem

252 748 341 799 Didius
356 748 454 799 hostiles
471 749 628 817 ingeminavit
641 764 712 817 opes.

215 820 270 871 Lux
279 823 383 880 eadem,'
394 822 519 880 Fortuna,
531 835 572 872 tna
581 822 630 881 est,
641 823 790 889 audiorque,
801 825 932 893 locusque.

157 909 208 956 570
255 894 305 945 Sed
319 894 483 961 superinjedlis
498 897 551 962 mois
567 896 629 945 latet
641 895 695 947 aede
708 894 796 963 togis?

218 968 316 1019 Servius
335 968 368 1019 est
381 984 389 1020 e
402 970 450 1018 hoc
467 969 560 1019 constat
578 970 662 1028 enim3
679 968 721 1019 sed
735 968 804 1019 cause
821 972 919 1021 latendi

254 1042 401 1108 Diserepat,
418 1042 445 1093 dr
461 1042 559 1092 dubium
573 1058 613 1093 me
626 1058 725 1109 quoque
742 1044 834 1094 mentis
849 1046 933 1097 habet.

217 1114 285 1165 Dum
302 1115 358 1166 Dea
371 1116 475 1167 furtivos
487 1114 573 1166 timide
588 1113 718 1182 profitetur
731 1132 829 1167 amores
841 1152 850 1176 ,

254 1188 432 1256 Coelestemque
447 1188 540 1239 homini
554 1187 706 1241 concubuiffe
721 1190 821 1255 pudet3

159 1276 190 1325 57
194 1274 207 1323 5
222 1259 312 1326 (Arsit
327 1264 389 1313 enim
404 1278 491 1330 magno
505 1275 619 1329 correpta
633 1262 745 1327 cupidine
759 1262 860 1332 Regis,

254 1334 376 1403 Caecaque
393 1336 419 1385 in
434 1336 483 1385 hoc
499 1352 550 1385 uno
567 1354 617 1386 non
631 1336 677 1385 fuit
692 1330 732 1385 illa
744 1336 809 1387 viro.
829 1338 843 1404 )

217 1408 315 1467 Noste,
334 1410 431 1459 domum
445 1408 520 1475 parvi
536 1408 606 1459 solita
622 1408 656 1459 est
671 1409 761 1459 intrare
777 1410 909 1469 fenestri5

254 1481 327 1532 Unde
342 1482 483 1534 Fenestellae
499 1483 595 1533 nomina
608 1493 681 1549 porta
695 1495 774 1532 tenet.

219 1548 292 1604 Nunc
305 1558 399 1621 pudet,
418 1555 445 1606 δι
459 1557 541 1607 vultus
556 1557 675 1606 velamine
691 1556 755 1605 celat
770 1569 868 1608 amatos
881 1575 892 1617 3

158 1626 209 1691 580
257 1628 359 1696 Oraque
376 1628 429 1679 sunt
445 1629 522 1680 multa
535 1630 602 1699 regia
617 1629 681 1678 testa
696 1627 764 1696 rogi.

217 1702 257 1753 Au
273 1702 348 1770 magis
363 1702 398 1753 eil
410 1715 513 1760 verum,
528 1704 581 1767 post
594 1701 663 1751 Tulli
676 1701 761 1751 funera
776 1704 881 1770 plebem

256 1774 385 1825 Confusam
401 1776 489 1841 placidi
506 1788 586 1826 morte
600 1774 669 1825 fuille
684 1773 774 1825 ducis?

218 1849 273 1900 Nec
289 1849 374 1900 modus
389 1849 452 1901 ullus
468 1861 521 1900 erat
534 1867 542 1901 ε
555 1848 678 1899 crescebat
691 1848 796 1917 imagine
810 1848 895 1903 ludus
909 1868 920 1911 5

255 1923 345 1973 Donec
359 1938 413 1972 eam
428 1923 515 1988 positis
532 1924 665 1974 occuluere
681 1923 755 1990 togis.

159 1994 208 2057 585
222 1995 308 2045 Tertia
325 1996 394 2046 causa
409 1997 467 2046 mihi
483 1996 559 2062 spatio
575 1995 668 2062 majore
684 1995 793 2046 canenda
809 1995 870 2058 est3

254 2069 307 2120 Nos
321 2080 402 2118 tamen
417 2069 533 2119 addudlos
549 2069 613 2120 intus
629 2085 726 2136 agemus
743 2085 834 2135 equos.

217 2141 319 2200 Tullia,
340 2141 475 2210 conjugio,
491 2142 590 2193 sceleris
605 2143 739 2201 mercede,
755 2142 884 2208 perndie,

255 2215 301 2266 Hls
317 2214 385 2266 solita
403 2215 436 2265 est
452 2215 519 2266 diuis
535 2215 685 2266 exstimulare
700 2216 790 2266 virum.

218 2287 286 2352 Quid
302 2287 370 2354 juvat
387 2288 434 2338 effe
448 2305 539 2354 pares,
556 2301 582 2338 te
596 2287 682 2340 nostre
697 2289 765 2340 cede
780 2287 897 2349 sororis,

157 2375 207 2424 590
255 2362 348 2429 Meque
363 2361 399 2414 tui
413 2362 512 2420 fratris,
528 2363 550 2413 si
563 2362 602 2428 pia
615 2363 665 2412 vita
681 2359 784 2426 placet?

217 2435 311 2491 Vivere
328 2435 502 2486 debuerant&
517 2434 556 2485 vir
572 2441 641 2485 meus'
657 2434 684 2486 ὅ(
697 2447 738 2486 tua
755 2433 874 2502 conjux,

254 2509 279 2558 Si
295 2509 386 2558 nullum
402 2509 479 2560 ausuri
497 2507 573 2576 majus
589 2525 684 2560 eramus
700 2525 772 2574 opus.

217 2581 250 2632 Et
268 2593 340 2646 caput
356 2581 382 2633 δι
399 2598 499 2650 regnum
515 2582 579 2633 facio
597 2582 679 2632 dotale
695 2582 816 2648 parentis.

255 2655 280 2704 Si
295 2655 333 2704 vir
350 2671 396 2714 es,
416 2656 443 2715 i,
462 2655 536 2706 diflas
553 2655 624 2724 erige
641 2654 706 2705 doris
721 2668 791 2721 opes.

158 2742 206 2792 595
220 2727 297 2794 Regia
313 2745 353 2779 res
370 2728 448 2778 scelus
464 2729 498 2780 est
511 2745 519 2779 t
533 2729 620 2780 socero
635 2745 695 2796 cape
709 2745 785 2796 regna
802 2741 917 2789 necem

255 2802 286 2852 Et
299 2802 388 2854 nostras
404 2802 483 2874 patrio
500 2803 614 2869 sanguine
628 2804 695 2871 tinge
712 2817 807 2852 manus.

218 2874 319 2926 Talibus
335 2875 475 2934 inllindlus,
496 2875 556 2926 solio
573 2877 681 2942 privatus
695 2876 719 2926 in
735 2876 788 2926 alto

254 2949 355 3001 Sederat
369 2947 524 3003 :attonitum
540 2952 627 3020 vulgus
641 2951 673 3002 ad
689 2965 752 3002 arma
769 2949 833 3001 ruit.
