1975 3700
199 268 274 360 164
297 268 338 336 P.
368 268 567 339 Orrnrr·
587 266 811 338 Nasonis

196 386 295 437 Scilicet
310 386 442 437 occidimus
455 403 464 445 3
480 403 527 437 nec
544 386 616 453 spes,
632 387 680 437 nisi
694 406 774 449 vana,
788 390 891 443 salutisa

233 460 347 525 Dumque
362 462 467 526 loqupr,
483 462 567 525 yultus
583 460 664 509 obruit
673 462 741 522 ,unda
758 479 837 513 meos.

154 542 166 595 3
173 546 184 595 5
200 532 329 599 Opprimet
340 534 402 582 hanc
412 533 513 582 animam
522 533 626 584 dusius:
637 533 768 600 frustraque
779 536 890 601 precanti

234 607 288 657 Ore
306 618 434 656 necaturas
450 606 595 673 accipiemus
612 623 695 673 aquas.

196 678 231 731 At
245 680 283 745 pia
298 680 331 729 nil
346 680 410 731 aliud
426 696 494 746 quam
511 696 550 729 me
565 680 634 730 dolet
648 681 730 730 exsule
745 680 853 748 conjux;

234 752 289 803 Hoc
304 770 377 803 unum
393 753 465 802 nostri
479 753 571 819 scitque
587 755 709 821 gemitque
724 755 791 804 maii.

198 825 283 877 Nescit
297 825 321 877 in
338 826 455 895 immensu
467 824 551 891 jactari
563 842 667 892 corpora
682 838 780 893 pontot

155 912 189 958 40
235 899 319 949 Nescit
333 900 371 967 agi
385 899 485 949 ventis:
505 899 580 949 nescit
596 899 674 949 adesse
690 916 790 949 necem.

198 968 232 1023 Di
244 973 305 1023 bene
317 972 326 1024 ¹.
340 972 405 1039 quod
415 988 465 1023 non
477 971 528 1021 sum
538 989 631 1023 mecum
642 974 806 1024 conscendere
815 973 907 1040 paffus,

235 1047 274 1096 Ne
283 1047 345 1101 mihi
361 1061 426 1096 mors
442 1046 529 1095 misero
543 1045 580 1095 his
594 1047 707 1111 patienda
722 1047 796 1097 soret.

198 1116 232 1169 At
248 1136 311 1169 nnnc
320 1154 328 1178 ,
338 1132 365 1171 ut
379 1136 496 1184 peream,
512 1120 623 1186 quoniam
639 1132 707 1171 caret
720 1121 760 1169 illa
775 1121 889 1187 periclo,

235 1192 341 1243 Dimidit
358 1191 425 1243 certe
439 1204 508 1258 parte
524 1192 640 1258 superstet
655 1210 708 1243 ero.

155 1276 187 1325 45
201 1263 250 1315 Hei
265 1266 323 1317 mihi
337 1266 351 1330 i.
359 1269 431 1333 quim
446 1266 521 1316 celeri
535 1267 671 1317 micuerunt
684 1266 765 1317 nubila
777 1267 891 1318 flammi!

235 1339 347 1403 Quantus
364 1341 394 1389 ab
411 1340 515 1389 etherio
529 1339 642 1404 personat
659 1357 704 1390 axe
721 1341 822 1408 fragor!

198 1412 252 1461 Nec
271 1410 348 1463 leviiie'
361 1414 464 1463 laterum
479 1413 568 1463 tabulae
582 1413 702 1463 seriuntur
717 1415 746 1461 ab
763 1414 855 1472 undis,
965 1393 966 1444 i

219 1484 315 1549 'Quim
332 1502 404 1553 grave
421 1486 508 1535 balistae
524 1487 612 1536 muenia
626 1486 703 1559 pulsat
718 1502 789 1535 onus.

199 1557 249 1623 Qui
258 1560 324 1609 venit
334 1559 373 1609 hic
383 1559 483 1617 fluetus,
494 1558 578 1608 fludus
589 1559 750 1624 supereminet
759 1575 864 1617 omnes,

157 1644 188 1691 50
236 1630 356 1682 Posterior
373 1648 440 1681 nono
457 1632 508 1690 est,
523 1630 701 1697 undecimoque
716 1632 794 1697 prior.

199 1704 254 1769 Nec¹
271 1708 348 1756 letum
361 1706 436 1755 timeo
451 1722 458 1755 r
474 1720 551 1772 genus
566 1704 600 1754 esi
614 1704 749 1754 miserabile
764 1703 819 1754 leti,

234 1778 332 1829 Demite
349 1778 514 1845 naufragium,
530 1794 595 1827 mors
609 1778 667 1827 mihi
681 1794 767 1827 munus
783 1779 844 1829 erit.

199 1849 238 1902 Est
252 1854 359 1919 aliquid,
376 1853 459 1902 fatere
475 1851 518 1902 suo
532 1852 631 1902 ferrove
649 1852 777 1901 cadentem

237 1925 264 1974 sn
280 1925 354 1976 solidi
368 1925 473 1975 moriens
488 1941 582 1992 ponere
599 1938 687 1991 corpur
701 1925 792 1984 humo;

157 2010 187 2056 55
201 1997 233 2047 Et
247 1999 358 2049 mandare
374 1999 421 2048 suis
438 1998 546 2064 aliquid,
562 2000 656 2064 sperare
670 1998 827 2065 sepulcrum,

235 2071 267 2120 Et
283 2089 332 2122 non
347 2073 467 2138 aequoreis
483 2071 585 2137 piscibus
599 2071 646 2122 effe
663 2072 751 2122 cibum.

199 2143 292 2211 fingite
308 2163 346 2195 me
363 2147 459 2212 dignum
475 2145 518 2194 tali
532 2161 616 2204 nece3
634 2161 684 2195 non
699 2161 746 2212 ego
760 2145 827 2194 solus

235 2217 283 2266 Hic
298 2218 532 2268 vehoraeImmeritos
547 2235 590 2268 cur
605 2235 658 2268 mea
672 2235 744 2283 poena
757 2215 856 2267 trehit?

199 2287 246 2340 Pro
260 2291 266 2339 !
278 2291 379 2357 Superi,
391 2292 530 2357 viridesque
540 2292 590 2342 Dei
600 2326 607 2350 ,
619 2291 704 2358 quibus
714 2307 811 2357 aequura
823 2287 911 2340 curae!

155 2357 189 2408 60
236 2365 346 2430 Utraque
364 2364 410 2431 jam
425 2363 514 2414 vesicas
528 2363 602 2414 sistite
618 2367 688 2414 turbt
701 2364 787 2416 minas.

198 2434 325 2503 Quamque
340 2437 406 2487 dedit
421 2438 496 2487 vitam
513 2437 636 2488 mitissima
651 2437 753 2488 Caesaris
768 2437 825 2496 ira,

235 2509 305 2560 Hanc
321 2510 393 2561 sinite
408 2509 492 2561 infelix
506 2511 532 2561 in
545 2512 600 2560 loca
612 2508 671 2576 juffa
684 2510 771 2560 seram.

198 2581 240 2641 Si,
258 2599 328 2649 quam
339 2585 486 2639 commerui,
502 2600 597 2650 poenam
607 2599 646 2632 me
655 2585 764 2648 pendere
774 2580 852 2632 vultis
862 2597 873 2639 ς

236 2655 314 2722 Culpa
330 2673 383 2706 mea
397 2657 448 2715 est,
467 2657 519 2724 ipso
535 2656 633 2723 judice,
652 2669 731 2707 morte
746 2655 838 2706 minor.

154 2725 185 2789 65
198 2727 301 2780 Mittere
315 2745 354 2780 me
369 2729 465 2799 Stygias
479 2731 500 2779 si
514 2729 562 2796 jam
575 2727 687 2781 voluisset
700 2731 731 2779 ad
744 2729 822 2780 undar

236 2802 332 2864 Caesar,
349 2804 373 2854 in
387 2805 436 2854 hoc
452 2803 529 2854 vestri
545 2820 595 2854 non
610 2801 712 2870 eguisset
730 2817 790 2868 ope.

199 2875 237 2926 Est
253 2877 287 2927 illi
305 2877 378 2930 nostri
392 2892 442 2927 non
458 2876 575 2927 invidiosa
590 2875 682 2929 cruoris

236 2949 333 3019 Copia:
348 2951 461 3020 quodque
473 2949 554 3010 dedit,
566 2948 620 3002 ciun
628 2950 714 3010 uolet,
724 2947 774 3018 ipse
786 2946 863 2998 seret·
