1975 3700
175 274 254 350 304
290 254 333 322 P.
362 253 558 324 Orrorr
581 251 820 324 Nasonrs

176 373 254 428 Grata
268 373 366 439 quidem
382 373 436 422 sunt
449 372 504 422 hac
514 372 596 422 animo
611 372 722 441 stiffi-agia
735 374 845 434 mosim

210 445 795 514 Vixsibicltmmisetospoffeplatereputes.

129 518 843 588 25Dumcameaiarebustentamusarminaparris,

210 593 324 641 Materia
341 593 424 658 gncili
438 590 549 640 sufficit'
540 593 675 659 ingenium.

173 666 277 730 Nuper,
293 679 322 716 ut
337 668 385 715 huc
402 666 482 732 magni
497 666 611 729 pervinit
625 667 699 716 fama
711 666 829 733 triu-phi
840 698 855 727 0

209 738 288 788 Ausus
303 739 353 788 sum
368 752 443 788 tanta
459 738 640 792 sumeremus
656 755 728 806 opus.

173 811 264 862 Obruit
277 812 407 864 audentem
422 829 505 862 rem
516 812 671 878 gravitasque
686 813 802 882 nitorque
811 827 824 864 t

131 898 165 950 30
211 887 266 934 Nec
281 885 352 950 potui
368 886 444 950 erepti
460 885 570 950 pondera
582 885 649 936 serre
664 887 725 938 mei.
785 929 792 938 .

143 1021 147 1027 Ι
173 959 227 1009 lllic
243 975 313 1026 quam
328 958 431 1016 laudes,
447 959 494 1006 erit
511 955 618 1006 officiosa
634 960 767 1017 voluntas3

212 1029 303 1081 Cetera
319 1031 419 1080 materii
435 1031 561 1080 debilitata
574 1029 668 1096 jacent.

175 1102 252 1168 Quod
264 1106 285 1154 si
297 1103 367 1170 ,sorti
383 1105 446 1154 liber
459 1102 550 1163 vestras
565 1104 678 1168 perluit
693 1104 723 1154 ad
737 1121 832 1166 aurea,

211 1178 325 1227 Tutelam
339 1177 427 1228 mando
443 1175 532 1225 sentiat
546 1175 590 1227 ille
605 1191 683 1228 tuam.

130 1263 143 1316 3
151 1266 163 1313 5
175 1249 233 1300 Hoc
247 1251 292 1300 tibi
309 1250 422 1309 sallom,
437 1251 479 1300 vel
495 1251 518 1299 ai
532 1266 584 1300 non
595 1250 646 1316 ipse
662 1267 794 1320 rogarem,

209 1325 321 1374 Accedat
335 1324 444 1373 mmulus
458 1323 535 1389 gratia
549 1322 628 1373 nostra
642 1325 713 1374 levis.

173 1397 231 1446 Non
247 1413 295 1464 ego
309 1396 461 1454 laudandus,
476 1395 518 1445 sed
532 1396 586 1446 sunt
600 1409 643 1446 tua
657 1399 757 1463 pedlora
773 1396 837 1449 lade
851 1430 862 1457 ‚

209 1469 240 1518 Et
255 1486 304 1520 non
322 1469 434 1527 calcati,
449 1469 608 1528 candidiora,
624 1471 692 1520 nive.

172 1541 319 1609 Mirarisque
334 1543 416 1602 alios,
433 1540 488 1592 cim
501 1543 536 1592 sia
548 1543 663 1593 mirabilis
678 1544 750 1609 ipse,

128 1629 164 1676 4ο
213 1617 267 1666 Nec
284 1617 375 1667 lateant
390 1628 456 1665 artes
473 1616 646 1683 eloquiumque
660 1629 739 1666 mum.

174 1687 214 1737 Te
228 1687 344 1755 juvenum
354 1688 488 1754 Princeps,
507 1689 547 1738 cui
561 1690 602 1739 dat
613 1689 745 1740 Germania
758 1706 851 1742 nomen
861 1723 874 1750 ,

211 1761 354 1830 participem
371 1761 441 1812 studii
456 1761 538 1811 Caesar
553 1763 645 1812 hahere
660 1763 734 1816 solet.

174 1834 214 1885 Tu
230 1854 313 1889 comes
329 1837 458 1904 antiquus,
477 1847 506 1885 tu
520 1835 602 1903 primis
618 1834 713 1902 jandins
726 1838 757 1889 ab
771 1836 841 1889 anuis
852 1870 865 1894 ‚

211 1910 312 1977 ingenio
326 1928 407 1961 mores
421 1909 604 1975 equiparante,
620 1912 713 1975 places.

129 1996 164 2048 45
177 1980 216 2031 Te
230 1984 327 2034 dicente
339 1983 406 2049 priris
418 2016 427 2042 ‚
441 1982 471 2032 fit
486 1983 598 2049 protinus
612 1983 716 2049 impetus
732 1984 789 2035 illit

209 2056 298 2122 Teque
312 2057 386 2106 habet
399 2090 407 2115 ,
422 2055 507 2105 elicias
522 2056 564 2121 qui
577 2056 618 2105 sua
630 2059 706 2107 rerba
718 2059 780 2110 tuis.

174 2128 237 2181 cum
251 2142 279 2179 tu
294 2128 394 2187 desilii,
411 2130 570 2195 mortaliaque
585 2145 629 2180 ora
644 2130 780 2195 quierunt,

213 2202 345 2269 Clausaque
360 2219 410 2253 non
425 2201 498 2269 longi
515 2204 658 2253 conticuere
673 2203 766 2262 moria

175 2276 258 2343 Surgit
275 2276 343 2326 liileo
360 2274 456 2340 juvenis
472 2274 619 2342 cognomine
637 2276 743 2342 dignus,

131 2363 164 2413 50
213 2348 298 2412 Qualis
315 2350 344 2397 ab
359 2348 417 2398 Eois
432 2348 532 2398 Lucifer
549 2349 601 2398 exit
615 2350 694 2415 aquis'.

174 2422 290 2489 Dumque
305 2423 379 2477 silens
393 2422 468 2479 astat,
484 2420 559 2471 statue
572 2420 607 2471 est
621 2424 751 2488 vultusque
768 2420 873 2482 diserti,

211 2497 332 2561 Spemque
348 2495 438 2544 decens
454 2493 530 2543 doaz
543 2495 612 2543 vocis
627 2494 726 2545 antidius
741 2496 827 2545 babet.

173 2568 254 2624 Mox,
268 2569 309 2617 ubi
318 2566 384 2635 pulsa
394 2582 463 2616 mora
474 2566 524 2625 eii,
536 2578 609 2633 atque
618 2582 647 2618 os
659 2567 758 2619 coelede
766 2569 895 2629 solution,

211 2641 267 2692 Hoc
284 2641 392 2706 Superos
406 2639 473 2706 jures
489 2654 558 2689 more
574 2639 653 2691 solere
667 2640 745 2707 loqui.

133 2732 145 2781 5
152 2732 163 2781 5
178 2714 261 2781 Atque
273 2748 282 2773 ,
295 2713 355 2763 Hac
367 2712 400 2763 est
412 2745 419 2771 ,
432 2712 498 2763 dicas
509 2746 518 2770 ‚
528 2712 642 2763 facundia
652 2713 765 2781 Principe
775 2710 866 2779 digna,

211 2788 316 2853 Eloquia
333 2784 427 2835 tantum
445 2786 578 2837 nobilitatis
594 2785 662 2837 inest.

174 2861 238 2913 Huic
254 2874 281 2915 tu
299 2858 353 2909 crim
370 2861 486 2923 placeas,
504 2858 530 2907 dt
544 2859 640 2909 vertice
654 2858 734 2911 sidera
749 2871 855 2924 tangas,

210 2934 306 3002 Scripta
321 2945 403 2985 tamen
418 2932 517 3001 profugi
532 2933 594 2985 vatia
610 2932 721 2987 habenda
737 2944 823 3000 putet·
834 2974 859 2987 ..
