1975 3700
191 239 261 329 196
303 236 346 305 P.
376 235 565 305 OVrnrr
592 236 823 305 Nusonrs

186 358 258 407 Talia
273 354 362 407 fumosi
376 355 490 405 luduntur
504 352 586 402 mense
601 353 735 404 Decembri
747 370 761 413 ς·

223 430 287 496 Quae
302 430 391 479 damno
406 428 466 477 nulli
481 424 638 492 composuisse
654 425 711 476 fuit.

185 502 232 555 llis
249 518 299 571 ego
313 503 431 568 deceptus
449 518 499 550 non
514 499 587 550 tristia
605 499 711 548 carmina
727 499 798 559 fecit

223 574 358 627 sederitis
374 574 467 625 nostros
483 562 556 639 poeni
571 572 654 621 secuta
669 571 752 637 jocos.

124 666 175 715 495
188 650 304 715 Denique
319 664 366 699 nec
381 647 456 697 video
474 647 505 697 de
520 657 560 696 tot
575 644 735 695 scribentibus
750 663 846 706 unum,

192 736 195 745 ·
224 721 306 786 Quem
322 720 363 771 sue
379 720 512 787 perdiderit
526 717 598 768 Musa
609 733 617 768 t
629 724 741 783 repertus
757 736 816 787 ego.

187 792 278 861 Quid?
297 792 319 845 si
330 791 468 860 scripsissem
483 792 590 850 mimos,
609 790 713 841 obscena
731 792 866 858 jocantes,

223 863 274 933 Qui
289 866 383 934 semper
400 866 470 917 vetiti
491 865 584 915 crimen
598 864 686 914 amoris
703 865 817 915 habent?

189 942 218 993 ln
237 940 322 1007 quibus
335 938 431 993 assidue
447 936 527 991 cultus
542 937 655 1005 procedit
670 937 786 996 adulter3

128 1030 179 1081 500
226 1016 359 1082 Verbaque
372 1014 416 1064 det
431 1011 603 1063 stulto‘callida
619 1014 694 1076 nupta
709 1010 775 1061 vito.

187 1090 283 1141 Nubilis
294 1089 340 1140 hos
353 1087 442 1154 virgo,
459 1097 636 1150 matronaque,
653 1082 738 1149 virque
751 1116 758 1140 ,
773 1100 886 1151 puerque
897 1119 906 1144 .

226 1160 323 1227 §petiit
336 1176 344 1212 z
358 1160 384 1211 bt
401 1176 416 1209 e
432 1174 518 1227 magna
531 1169 602 1223 parte
620 1157 723 1207 Senatus
740 1156 816 1207 adest.

166 1298 168 1301 Ι
190 1236 245 1287 Nec
261 1233 316 1285 satis
332 1231 427 1285 incestis
442 1232 557 1284 temerari
573 1229 677 1280 vocibus
690 1246 783 1289 eures3

227 1306 369 1358 Assuescunt
385 1305 452 1357 oculi
465 1305 541 1355 multa
555 1302 669 1369 pudendi
684 1303 745 1367 pati.

131 1398 179 1448 505
194 1381 305 1447 Cquue
320 1378 410 1430 sesellit
425 1394 507 1429 emens
523 1376 604 1444 aliqud
619 1375 730 1426 novitate
746 1373 879 1437 maritum,

209 1448 369 1512 'Plauditnr3
388 1452 414 1504 dc
424 1466 517 1519 magno
531 1451 610 1516 palme
626 1449 711 1499 serore
726 1448 807 1499 datur.

191 1525 299 1593 Quoque
311 1526 389 1577 minus
404 1523 523 1591 prodest,
537 1539 612 1589 poena
625 1521 659 1573 est
675 1522 769 1572 lucrosa
784 1522 890 1589 poitaet

229 1600 356 1666 Tantaque
371 1614 421 1649 non
436 1609 515 1663 parvo
530 1596 628 1647 trimim
644 1594 738 1645 Praetor
753 1597 822 1646 emit.

193 1673 287 1739 inspice
303 1673 414 1723 ludorum
430 1671 538 1729 sumtus,
552 1667 681 1738 Auguste,
697 1679 815 1728 tuorum3

134 1764 186 1813 510
233 1746 303 1796 Erote
318 1745 362 1795 tibi
377 1760 466 1812 magno
479 1742 539 1793 talia
553 1744 629 1793 multe
645 1742 723 1809 leges.

195 1820 256 1872 Hzec
273 1830 301 1872 tu
315 1817 440 1886 spedus,
460 1816 635 1885 spetlendnque
651 1814 713 1883 sepe
730 1812 834 1868 dediti:

232 1891 345 1959 Maiestas
362 1890 424 1943 aded
440 1891 516 1942 comis
530 1890 619 1958 ubique
634 1900 676 1939 tua
692 1887 735 1938 est.
838 1911 842 1918 ·

196 1967 385 2032 Luminibusque
399 1965 468 2024 tuis,
485 1976 553 2014 totus
568 1963 654 2030 quibus
667 1963 757 2013 utimur
771 1960 856 2020 orbis,

233 2039 333 2090 Scenice
350 2037 426 2088 vidisti
442 2039 524 2088 lentus
539 2032 668 2087 adulteria.

137 2128 186 2178 515
200 2113 312 2164 Scribere
327 2112 348 2164 si
361 2111 397 2162 sas
411 2110 444 2162 esi
459 2111 582 2162 imitentes
594 2108 675 2176 turpia
689 2108 798 2166 mimos,

234 2185 347 2237 Materiae
360 2185 438 2236 minor
452 2183 486 2234 eli
502 2184 584 2233 debite
598 2199 672 2249 poena
685 2198 755 2232 meae.

199 2259 239 2311 An
256 2275 331 2328 genus
348 2260 396 2310 hoc
410 2257 493 2324 scripti
508 2257 599 2307 faciunt
614 2254 653 2306 sua
669 2256 761 2321 pulpiti
777 2265 882 2314 tutum3

237 2331 360 2399 Quodque
376 2331 453 2390 libet,
473 2330 552 2382 mimis
568 2329 639 2380 scene
653 2329 728 2380 licere
746 2325 838 2378 dediti

199 2407 232 2457 Et
246 2423 299 2456 mer
312 2406 366 2456 sunt
382 2405 474 2471 populo
488 2403 571 2453 saltate
587 2401 796 2476 poe'mntn0s2pe3

140 2495 192 2544 520
239 2479 310 2546 Saepe
324 2479 411 2529 oculos
425 2477 497 2528 etiem
510 2477 637 2526 detinuere
652 2487 719 2525 tuos.

201 2551 320 2611 Scilicet,
336 2552 362 2602 in
376 2550 485 2600 domibus
502 2549 602 2608 vestris,
619 2559 648 2598 ut
663 2548 739 2613 prisce
753 2546 860 2597 virorum
875 2581 885 2604 ‚

238 2623 333 2676 Artifici
347 2624 441 2691 fulgent
457 2639 561 2689 corpore
576 2620 637 2688 pitia
653 2637 744 2678 menu3

201 2697 240 2751 sic
256 2715 309 2766 que
325 2696 466 2748 concubitus
480 2697 563 2747 varios
575 2694 730 2760 Venerisque
743 2691 832 2760 figuras

238 2771 378 2839 Exprimit,
394 2769 428 2822 est
443 2768 524 2836 aliquo
538 2785 613 2836 parva
629 2768 718 2818 tabella
734 2768 801 2816 loco.

140 2861 189 2913 525
203 2847 286 2913 thue
295 2845 371 2896 'sedet
385 2845 455 2896 vultu
468 2841 538 2893 sessus
551 2840 710 2892 Telamonius
727 2842 805 2895 uam,

236 2921 313 2988 inque
328 2917 407 2972 oculis
424 2916 516 2970 stemus
533 2915 633 2968 barbara
647 2925 725 2968 meter
741 2913 836 2964 lubet:-
