1975 3700
202 266 279 359 306
315 267 356 335 P.
384 265 580 336 Orrnrr
606 269 843 340 Nasonis

199 385 299 436 Bracb'n
316 387 345 436 da
360 386 418 437 lasso
434 386 517 454 potiris
531 388 673 452 prendenda
688 391 802 440 nunti:

236 461 291 510 Ner
303 462 386 528 pigeat
401 475 485 510 mento
499 461 645 527 supposuisse
660 479 767 512 manum.

159 547 189 592 15
203 531 279 600 quue
292 534 368 592 satir,
383 535 507 600 {adaque
519 549 610 600 precor
620 551 628 585 ε
640 535 678 584 sic
693 548 771 586 meter
786 537 813 588 br
826 555 899 590 uxor
913 575 924 601 ,

236 607 277 656 Sic
290 608 335 656 tibi
349 609 398 656 sint
411 609 500 657 fratres
512 641 520 666 ,
537 620 640 674 totaque
656 609 720 658 salva
736 611 832 661 domus.

200 679 323 746 Quodque
338 680 400 730 soles
413 681 513 736 animo,
528 681 595 747 quod
608 681 705 746 semper
719 699 784 732 rore
798 686 901 751 precari
908 721 920 746 ,
980 746 981 753 χ

236 752 326 802 Omnia
343 754 477 804 Caesaribus
491 755 528 804 sic
542 767 585 803 tua
599 754 660 802 laeta
673 757 773 819 probes.

197 825 282 891 Turpe
297 827 346 876 erit
359 828 385 876 in
400 828 490 878 miseris
505 829 585 878 veteri
600 827 647 876 tabi
661 829 735 878 rebus
750 829 831 881 amico

155 913 189 946 20
235 900 360 949 Auxilium
374 901 440 950 nulli
454 913 524 966 parte
539 899 620 951 tufiffe
634 913 713 951 tuum.

197 971 282 1038 Turpe
299 975 392 1024 referre
408 975 516 1040 pedem,
533 991 581 1024 nec
595 973 662 1040 paffu
677 974 739 1025 stare
751 977 857 1028 renarit

234 1045 319 1112 Turpe
334 1049 483 1098 laborantem
502 1047 629 1097 deseruisse
642 1058 729 1097 ratem.

198 1117 282 1185 Turpe
294 1120 360 1188 sequi
372 1122 468 1181 casum,
482 1123 510 1172 br
519 1121 635 1170 Fortunae
646 1122 756 1180 cedere,
770 1123 877 1174 amicum

236 1193 286 1250 Er,
302 1195 348 1245 nisi
363 1195 396 1244 sit
411 1195 489 1254 selir,
507 1194 555 1244 esse
571 1210 661 1261 negare
675 1194 752 1243 suurn.

156 1279 187 1324 25
201 1265 258 1315 Non
270 1267 302 1316 ita
312 1269 424 1318 vixerunt
435 1268 551 1333 Strophio
561 1279 635 1334 atque
643 1267 828 1334 Agamemnone
841 1271 893 1320 nati
905 1287 916 1322 r

235 1340 293 1388 Non
308 1341 360 1390 haer
376 1338 472 1407 AEgidae
485 1339 637 1406 Pirithoique
652 1339 722 1389 fides.

199 1409 270 1475 Quos
285 1413 351 1478 prior
367 1413 401 1462 est
414 1414 518 1475 mirata,
535 1415 636 1479 sequens
651 1412 776 1462 mirabitur
792 1427 875 1466 aetas:

235 1485 263 1533 ln
280 1503 380 1550 quorum
395 1487 490 1552 plausus
507 1499 560 1536 tota
574 1487 670 1535 theatra
686 1487 782 1536 sonant.

198 1555 238 1606 Tu
253 1576 369 1625 quoque,
387 1577 432 1624 per
449 1561 535 1609 durum
551 1560 648 1608 servato
662 1572 759 1625 ternpus
774 1560 877 1619 amico,

154 1639 189 1690 30
237 1631 333 1699 Dignus
349 1651 376 1682 es
391 1633 415 1682 in
429 1633 503 1683 rantis
517 1649 607 1682 nomen
621 1633 715 1682 babere
730 1633 799 1684 viris.

198 1703 294 1771 Dignus
312 1723 339 1756 es
351 1723 358 1756 :
372 1707 398 1758 δι
412 1707 523 1772 quoniam
537 1706 632 1755 laudem
646 1706 741 1771 pietate
754 1705 876 1768 mereris,

235 1778 292 1827 Non
308 1780 355 1829 erit
372 1777 444 1828 officii
462 1781 540 1846 gratia
555 1779 624 1828 surda
637 1779 684 1827 tui.

199 1847 280 1901 Crede
294 1854 371 1911 mihi,
387 1852 491 1903 nostrum
509 1852 529 1902 si
545 1868 595 1905 nou
612 1852 715 1909 mortale
730 1853 839 1904 stitutum

236 1924 361 1984 Carmen,
379 1927 403 1975 in
417 1944 461 1977 ore
477 1927 592 1992 frequens
608 1924 754 1991 posteritatis
771 1926 829 1975 eris.

154 2006 166 2056 3
174 2009 186 2055 5
200 1994 248 2045 Fac
264 1998 338 2048 modb
354 2014 494 2065 permaneas
512 1998 596 2063 lapso,
612 1995 750 2054 creone,
766 1997 867 2058 bdelis;

234 2070 315 2120 Duret
329 2071 354 2121 br
371 2072 395 2120 in
409 2074 494 2139 longas
511 2073 616 2138 impetus
632 2069 675 2119 ille
690 2087 780 2121 moras.

198 2140 261 2205 Quae
276 2156 302 2193 tu
318 2142 371 2193 crim
387 2145 501 2209 praestes,
517 2160 585 2194 remo
598 2155 681 2192 tamen
695 2156 753 2192 utor
767 2144 792 2193 in
805 2160 876 2197 aura.

233 2217 274 2266 Nil
291 2231 365 2268 nocet
382 2218 477 2268 admisso
493 2218 594 2267 subdere
609 2218 689 2267 talcar
703 2232 778 2283 equo.

192 2346 846 2401 two,

268 2443 611 2512 Enrsroua
659 2414 812 2510 vrn'

388 2568 653 2669 Arr1co.

195 2651 325 2774 Est!
340 2722 464 2775 salutatum
478 2728 532 2776 vult
544 2737 572 2776 te
585 2744 639 2776 mea
654 2727 725 2777 litera
740 2724 843 2793 primitrn

235 2795 258 2845 Α
275 2798 337 2846 male
352 2799 462 2862 pacatis,
481 2800 584 2858 Attice,
601 2799 667 2850 missa
682 2800 764 2852 Getis.

198 2867 308 2919 Proxima
324 2869 491 2937 subsequitur,
507 2874 565 2940 quid
578 2890 652 2942 agas,
667 2874 755 2924 audire
764 2874 897 2943 voluptate

234 2942 319 3005 Etsi,
334 2946 447 3013 quidquid
461 2962 537 3015 agas,
554 2947 584 2998 sit
597 2948 642 2999 tibi
656 2964 713 3000 outa
726 2946 784 2997 mei.
852 2994 858 2999 .
