1975 3700
174 239 691 316 FAsronvanrn.I.
742 269 792 341 27

81 357 143 408 Hinc
154 358 205 408 aliae
217 356 309 424 Satyris
320 354 431 406 incendia
441 356 508 406 mitia
518 360 626 424 praebent
636 378 647 419 ς

117 431 172 481 Pars
186 431 231 480 tibi
243 463 252 488 ,
268 429 309 495 qui
319 431 376 496 pinu
387 443 498 496 tempora
508 448 570 480 nexa
581 436 657 500 geris.

79 505 117 554 Te
128 521 225 572 quoque
237 536 245 561 ,
263 502 405 552 inexstinstae
415 503 498 554 Silene
509 505 616 556 libidinis
628 539 635 565 ,
653 522 735 560 urunt.

114 579 230 644 Nequitia
241 576 292 634 est,
311 588 400 642 quarte
415 593 464 626 non
477 578 536 627 sinit
547 579 595 628 elle
607 581 696 632 senem.

77 650 112 702 At
123 652 214 710 ruber,
233 651 360 699 hortorum
371 649 446 700 decus
458 652 484 702 δι
493 653 588 711 tutela,
606 652 707 722 Priapus
756 679 759 684 ·
797 675 815 720 4
820 674 830 708 r
837 679 851 722 5

116 723 235 773 Omnibus
248 739 278 772 ex
289 723 336 771 illis
347 723 435 774 Lotide
449 737 533 790 captus
545 738 609 775 erat.

62 825 64 829 ·
76 796 149 847 Hanc
160 798 245 863 cupit,
263 798 323 845 hanc
335 809 404 862 optat
418 812 425 846 ι
438 798 487 848 sola
498 798 597 863 suspirat
604 800 632 849 in
642 801 684 851 illa
694 819 704 861 ς

113 871 234 938 Signaque
246 870 286 918 dat
296 881 355 918 nutu
367 903 374 927 ,
389 869 541 936 solicitatque
551 873 626 923 notis.

74 943 156 996 fastus
167 943 226 994 inest
238 943 344 1009 pulchris
356 975 364 1000 ‚
382 942 536 1010 sequiturque
549 945 658 1011 superbia
670 947 778 1001 sormam.

113 1017 210 1068 irrisum
222 1017 291 1066 vultu
303 1015 404 1082 despicit
415 1017 455 1065 illa
467 1017 519 1066 suo.
796 1040 851 1085 420

74 1092 133 1142 Nox
144 1103 196 1140 erat
207 1107 214 1140 :
229 1091 254 1140 δι
266 1123 273 1147 ,
289 1089 347 1138 vino
358 1091 464 1139 somnum
476 1091 584 1140 faciente
595 1095 611 1150 ,'
620 1090 735 1158 jacebant

113 1164 241 1230 Corpora,
261 1162 362 1212 diversis
377 1163 438 1212 vista
452 1164 539 1230 sopore
552 1165 623 1215 locis.

73 1237 143 1288 Lotis
159 1239 183 1286 in
192 1237 315 1294 herbosi,
333 1237 374 1285 sub
389 1237 482 1286 acernis
498 1238 581 1287 ultima
593 1240 682 1300 ramis,

29 1319 34 1324 ’
113 1311 181 1360 Sicut
198 1324 250 1360 erat
266 1309 317 1358 lusu
334 1309 407 1368 sella,
426 1311 519 1376 quievit
536 1312 621 1362 humo.

73 1383 155 1451 Surgit
165 1401 244 1433 amans
258 1399 264 1432 :
277 1383 426 1449 animamque
438 1397 525 1434 tenens
538 1416 545 1442 ‚
562 1385 661 1454 vestigia
670 1387 753 1439 furtim
794 1405 847 1454 425

111 1457 227 1521 Suspenso
242 1457 320 1522 digitis
335 1457 383 1505 sert
398 1457 518 1506 taciturna
533 1459 617 1524 gradu.

72 1531 110 1580 Ut
121 1532 201 1598 tetigit
212 1531 289 1579 niveae
304 1529 396 1578 secreta
407 1530 493 1579 cubilia
505 1533 624 1598 Nymphae
634 1549 645 1590 ι

111 1604 162 1670 lpsa
174 1603 207 1652 sui
222 1604 293 1652 llatils
308 1619 337 1650 ne
352 1602 421 1651 sonet
436 1621 511 1661 aura,
531 1618 612 1655 cavet.

71 1675 104 1726 Et
118 1677 166 1742 jam
178 1669 382 1740 finitimb'corpus
397 1675 498 1724 librabat
508 1677 533 1725 in
546 1679 639 1735 herba,

47 1752 51 1759 ’
109 1751 154 1799 llla
169 1762 250 1798 tamen
261 1749 330 1798 multi
346 1747 416 1811 plena
431 1747 524 1812 soporis
539 1763 600 1800 erat.
794 1770 848 1820 430

71 1821 175 1876 Gaudet
187 1839 194 1873 ε
209 1823 234 1873 &
246 1856 253 1880 ‚
271 1839 285 1871 a
297 1821 397 1887 pedibus
411 1822 488 1872 trado
500 1824 640 1887 velamine,
656 1837 716 1877 vota

108 1898 149 1949 Ad
164 1898 203 1948 sua
214 1893 280 1945 seli'ci
295 1908 403 1961 caeperat
413 1895 448 1946 ire
463 1897 511 1945 viai.

69 1972 137 2023 Ecce
152 1971 242 2020 rudens
253 1986 346 2027 rauco,
364 1969 438 2019 Sileni
454 1971 557 2028 veslor,
575 1970 662 2022 asellus

109 2044 292 2109 intempestivos
306 2044 381 2092 edidit
396 2060 440 2092 ore
455 2042 537 2093 sonos.

67 2116 169 2168 Territa
180 2117 326 2185 consurgens
337 2117 468 2183 Nympbe‚
487 2116 645 2181 manibusque
656 2116 766 2186 Priapum
792 2136 825 2186 43
832 2138 845 2185 5

107 2191 215 2255 chicit‚
234 2190 259 2240 ὅ(
273 2191 367 2257 fugiens
379 2189 486 2239 concitat
502 2206 574 2238 omne
587 2207 682 2241 nemus.

67 2263 105 2315 At
117 2264 204 2323 Deus,
222 2264 325 2313 obsceni
335 2264 432 2312 nimium
443 2279 541 2329 quoque
555 2276 624 2328 parte
638 2272 734 2329 parat'us
746 2298 753 2325 ,

111 2337 231 2387 Omnibus
245 2338 274 2385 ad
286 2338 359 2385 Luuze
373 2336 461 2385 lumina
475 2337 534 2386 risus
550 2350 611 2386 erat.

66 2409 156 2461 Morte
168 2412 233 2461 dedit
244 2428 327 2477 poeuas
337 2410 421 2459 auslor
432 2411 542 2459 clamoris
554 2425 562 2459 t
574 2410 601 2461 ἃ
610 2409 667 2461 hinc
677 2410 710 2463 esi

108 2483 305 2550 Hellespontiaco
319 2484 414 2533 vislima
429 2496 496 2549 grata
510 2484 578 2532 Deo.
789 2503 844 2550 440

57 2556 168 2609 Intnslae
183 2556 281 2605 fueratis
296 2573 372 2613 aves,
391 2557 476 2605 solatia
490 2557 571 2614 ruris,
774 2567 778 2573 “

106 2627 233 2679 Assuetum
247 2630 331 2697 silvis,
349 2632 529 2695 innocuumque
545 2646 621 2697 genus
633 2646 642 2689 ς

56 2703 133 2767 Quae
148 2702 225 2753 facitis
244 2703 332 2760 nidos,
347 2722 399 2768 quae
413 2703 500 2769 plumis
515 2720 561 2753 ova
576 2703 686 2764 fovetis,

106 2775 138 2825 Et
152 2776 214 2825 facili
229 2776 311 2826 dulces
326 2777 396 2826 editis
412 2794 454 2825 ore
469 2776 565 2827 modos.

52 2848 118 2904 Sed
129 2850 186 2898 nihil
196 2850 236 2899 illa
247 2848 330 2914 juvant
341 2884 349 2907 ,
368 2851 422 2917 quia
432 2850 520 2917 linguae
530 2850 621 2899 crimen
636 2850 730 2899 habetis
742 2882 750 2908 ,
787 2866 840 2915 445

103 2920 188 2990 Dique
200 2936 286 2991 putant
299 2939 394 2977 mentes
407 2940 452 2975 vos
467 2925 562 2989 aperire
575 2923 638 2973 suas.
685 2994 703 3044 B
726 2995 733 3009 ο

258 3012 261 3019 t
715 3013 733 3063 u
