1975 3700
335 775 821 866 OVIDII
911 774 1540 862 NASONIS

218 964 1616 1094 szziisffsiltrnffl

514 1184 1008 1253 LIBER
1121 1183 1361 1254 [ιι

626 1294 1269 1415 ὲιΕοῙΑι.

212 1482 563 1603 Missus
599 1549 649 1602 in
677 1555 802 1604 hanc
834 1551 982 1604 venio
1013 1549 1168 1603 timidi
1198 1548 1322 1601 libet
1350 1550 1524 1603 exsulis
1554 1550 1724 1601 urbem
1751 1566 1765 1600 ε

292 1626 375 1675 Da
403 1626 637 1691 placidam
665 1627 782 1677 fess'o
805 1661 820 1687 ‚
856 1628 1008 1677 lector
1042 1626 1193 1675 amice
1217 1657 1234 1684 ‚
1264 1640 1475 1675 manum.

211 1699 363 1749 Neve
395 1700 653 1750 reformida
678 1734 693 1760 ‚
732 1718 794 1752 ne
824 1702 913 1751 sim
945 1700 1191 1749 tibiforte
1225 1697 1398 1763 pudori
1423 1713 1440 1747 ι

290 1773 470 1823 Nullus
503 1773 551 1822 in
578 1774 671 1823 hac
701 1774 866 1824 charta
896 1773 1063 1824 versus
1090 1788 1248 1820 amare
1280 1771 1447 1821 docet.

211 1848 327 1898 Nec
363 1846 542 1897 domini
574 1848 767 1898 fortuna
800 1848 896 1898 mei
926 1846 993 1898 est
1015 1881 1030 1907 ‚
1068 1859 1125 1896 ut
1158 1845 1336 1895 debeat
1363 1845 1494 1896 illam
1662 1856 1690 1908 ς

293 1921 471 1971 Infelix
499 1921 608 1972 uuis
641 1922 938 1973 dissimulare
977 1921 1122 1987 jocis.

209 1994 273 2045 1d
299 2011 496 2060 quoque
515 2028 530 2053 ,
564 1996 694 2060 quod
716 1995 856 2045 viridi
880 1995 1121 2061 quondam
1142 1991 1266 2043 male
1286 1990 1401 2044 lusit
1422 1991 1472 2042 in
1492 2007 1602 2041 aevo
1625 2023 1642 2050 ,

293 2067 411 2118 Heu
436 2067 448 2116 !
477 2067 671 2118 nimium
702 2067 808 2119 ser&
842 2069 1033 2118 damnat
1067 2064 1121 2118 ’δι
1152 2067 1256 2116 odit
1289 2083 1430 2131 opuS.

210 2141 409 2207 Inspice
441 2141 554 2207 quid
583 2154 774 2209 portem
797 2158 812 2193 t
838 2142 953 2191 nibil
971 2142 1065 2191 -hic
1094 2140 1186 2190 nisi
1216 2137 1347 2188 triste
1378 2138 1563 2188 videbis
1591 2170 1608 2196 ,

293 2215 519 2264 Carmine
552 2216 850 2281 temporibus
883 2214 1210 2277 conveniente
1239 2211 1354 2261 suis.
1669 2224 1733 2260 10

215 2288 409 2339 clauda
443 2289 574 2355 quod
602 2291 793 2339 alterno
827 2288 1075 2338 subsidunt
1109 2285 1315 2335 carmina
1343 2282 1485 2334 versu
1507 2316 1524 2343 ‚

292 2361 397 2413 Vel
424 2361 559 2426 pedis
585 2363 682 2412 hoc
711 2362 836 2413 ratio
863 2395 878 2420 ,
913 2364 996 2412 vel
1026 2361 1106 2412 via
1134 2360 1278 2426 longa
1311 2357 1447 2407 facit.

212 2433 376 2500 Quod
406 2451 563 2501 neque
597 2436 696 2485 sum
730 2436 879 2486 cedro
907 2434 1060 2484 flavus
1084 2467 1099 2492 ,
1141 2448 1233 2482 nec
1266 2431 1462 2498 pumice
1494 2424 1672 2486 laevisi

293 2507 477 2558 Erubui
507 2508 702 2559 domino
733 2509 913 2558 cultior
945 2507 1039 2557 effe
1075 2522 1208 2558 meo·

211 2581 388 2632 Lites-a
423 2579 613 2633 suffusas
649 2582 779 2649 quod
810 2582 958 2630 habet
991 2576 1231 2628 maculosa
1264 2577 1433 2630 lituras
1456 2609 1474 2636 ,
1666 2587 1726 2635 ις

293 2653 445 2704 Laesit
478 2671 599 2719 opus
633 2654 856 2722 lacrymis
887 2652 985 2718 ipse
1022 2654 1169 2719 po‘e'ta
1204 2651 1353 2701 suum.

214 2728 270 2777 Si
302 2743 398 2793 qua
429 2726 719 2778 videbuntur
753 2728 861 2778 casu
895 2743 994 2776 non
1028 2725 1150 2776 dista
1181 2723 1349 2775 Latine
1374 2738 1394 2782 ς

279 2801 353 2858 ‚ln
387 2799 479 2866 qua
511 2800 745 2851 scribebat
768 2835 782 2859 ,
815 2802 1015 2851 barbara
1047 2812 1177 2851 terra
1206 2799 1315 2848 fuit.

214 2872 389 2923 Dicite
410 2905 425 2931 ‚
462 2873 668 2925 lestores
694 2909 708 2933 ,
745 2876 784 2923 si
812 2891 909 2923 non
943 2889 1090 2940 grave
1112 2906 1127 2931 ‚
1156 2871 1248 2938 qua
1280 2872 1343 2921 sit
1374 2867 1581 2918 eundum
1606 2899 1621 2924 ‚

297 2945 531 3012 Quasque
564 2961 725 3016 petam
759 2947 894 2998 sedes
925 2946 1099 3012 hospes
1132 2944 1183 2995 in
1216 2944 1352 2996 Urbe
1386 2942 1524 3066 liber:
1664 2953 1731 2989 20

1508 3033 1555 3063 lv
