1975 3700
218 294 295 384 264
342 293 383 360 P.
410 291 602 360 Ονιυιι
625 235 858 389 Nasonis

216 412 251 461 At
266 421 328 474 puto
341 443 350 466 ‚
367 410 388 459 ti
402 408 503 458 demens
516 406 617 455 studium
631 405 707 455 faute
722 399 866 470 tegerrttuu,=

254 482 303 533 Hic
317 482 375 532 mibi
388 481 507 546 prebebit
523 479 633 528 murinis
646 494 712 528 arma
728 481 807 528 iocus.
842 499 846 504 -
878 501 882 505 ¹

215 557 274 607 Non
283 555 345 606 liber
354 552 394 606 bit
404 555 467 602 ullus
478 585 486 611 ,
497 569 548 602 nou
557 552 599 618 qui
606 543 666 600 mibi
675 552 816 602 commodet
825 567 918 610 aurem,

252 629 384 694 Verbaque
400 624 538 694 signifitent
552 625 610 691 qtrid
625 640 679 674 mer
695 625 779 683 notit,
796 624 870 675 adest.

173 719 205 769 55
219 701 307 756 Omnia
322 700 436 752 barbaria
451 700 506 748 loca
520 698 592 756 sunt,
608 698 846 764 vocisque‘ferinaet

253 773 343 826 Omnia
358 774 412 823 sunt
429 772 514 824 Getici
529 773 602 838 piena
615 770 703 820 timore
720 771 779 820 soni.

214 848 268 916 Ipse
285 848 341 898 mibi
357 846 443 896 videor
458 843 506 910 jam
524 841 662 894 dediditid‘e
675 843 784 894 Latini:

248 921 303 975 Jatu
319 919 392 970 didici
411 916 504 968 Getici
519 916 699 983 Sarmaticeque
714 918 790 984 loqui.

214 996 269 1045 Nec
285 1008 386 1051 tameu,
402 1004 429 1042 ut
445 1007 531 1040 verum
544 990 622 1040 fatear
635 990 697 1048 tibi,
713 990 791 1040 nostra
808 989 887 1040 teneri

171 1061 206 1120 60
251 1067 275 1118 A
291 1065 462 1132 componendo
477 1063 581 1113 carmine
594 1062 666 1112 Musa
679 1063 766 1128 potest.

213 1139 363 1198 Scribimus,
384 1139 410 1191 dt
424 1137 525 1202 scriptos
540 1135 682 1186 absumimus
695 1136 751 1203 igne
766 1137 884 1188 libellos:

249 1213 335 1264 Exitus
353 1210 387 1260 est
402 1209 469 1260 studii
484 1225 559 1276 parva
573 1209 657 1258 favilis
671 1210 727 1259 mei.

214 1288 269 1336 Nec
285 1285 394 1351 possum,
414 1285 440 1333 bt
456 1283 529 1350 cupio
545 1298 596 1331 uon
609 1283 673 1332 ulios
688 1283 779 1332 ducere
794 1281 885 1334 versus·

251 1357 461 1408 Ponitut.idcitto
478 1354 559 1405 noster
572 1356 597 1406 in
613 1355 669 1424 igne
684 1356 760 1404 labor.

169 1433 202 1495 65
215 1435 270 1487 Nec
285 1431 331 1480 nisi
346 1446 401 1496 pars
417 1429 472 1479 casu
486 1427 587 1478 flammis
603 1444 688 1494 erepta
708 1429 818 1486 dolove,

251 1504 290 1554 Ad
305 1520 350 1554 vos
365 1502 455 1570 ingenii
470 1501 585 1568 pervenit
600 1502 650 1550 ulla
664 1501 721 1550 mei.

214 1580 255 1630 sic
272 1578 383 1634 utinam,
402 1591 456 1642 quae
472 1575 508 1624 nil
522 1585 672 1624 metuentem
687 1574 737 1641 ¹3¹²
753 1570 886 1640 magistrun

249 1649 376 1710 Perdidit,
390 1648 415 1698 in
432 1647 527 1698 cineres
542 1646 591 1696 Ars
606 1647 742 1698 meaverit
756 1647 831 1697 foret.

211 1735 856 1827 ‘ffff-‘zssssffmff

320 1856 576 1922 ELEGIA
615 1856 761 1919 XIII.

215 1953 285 2069 H
297 2032 314 2067 Α
322 2030 366 2067 tre
379 2030 435 2067 tuus
447 2034 461 2067 e
473 2015 565 2069 Getico
575 2015 649 2067 mittit
658 2015 704 2067 tibi
713 2014 778 2065 Naso
787 2014 903 2064 salutem:

252 2090 355 2140 Mittere
370 2107 421 2141 rem
435 2090 455 2141 si
472 2090 544 2156 quis,
562 2089 608 2156 qud
623 2102 691 2141 tutet
706 2088 775 2154 ipso,
792 2086 882 2153 potest.

214 2162 292 2230 AEger
310 2164 374 2213 enim
387 2164 450 2214 traxi
465 2163 576 2230 contagia
593 2178 698 2228 corpore
712 2161 822 2218 mentis,

253 2236 339 2287 Libera
354 2249 477 2287 tormento
492 2252 547 2302 pars
564 2236 621 2286 mihi
636 2250 668 2284 ue
681 2250 729 2300 qur
744 2245 827 2283 vacet.

193 2325 205 2375 5
221 2308 315 2376 Perque
332 2309 384 2361 dies
400 2312 488 2360 multos
505 2308 588 2358 lateris
602 2306 749 2357 cruciatibus
762 2320 841 2363 uror,

253 2382 301 2433 Sed
316 2382 381 2449 quod
396 2399 445 2432 uon
461 2382 560 2432 modico
574 2380 664 2448 frigore
680 2379 741 2428 laesit
755 2378 842 2428 biems.

216 2455 243 2507 Si
256 2468 337 2506 tumen
352 2453 401 2520 ipse
415 2454 503 2511 vales,
519 2453 598 2520 aliqui
611 2449 656 2503 nos
671 2463 743 2519 parto
756 2452 883 2502 valemust

254 2528 354 2593 Quippe
369 2542 421 2577 meu
437 2526 470 2575 est
484 2526 592 2578 humeris
604 2526 665 2576 fulta
678 2526 748 2575 ruina
763 2524 822 2573 tuis.

217 2600 268 2665 Qui
284 2600 341 2651 mihi
355 2596 408 2649 tium
424 2599 521 2649 dederis
535 2599 641 2666 iugentia
654 2598 775 2667 pignora,
792 2597 895 2665 ctimque

175 2691 208 2727 ιο
256 2672 302 2724 Per
317 2688 429 2723 numeros
446 2688 530 2722 omnes
545 2673 593 2723 hot
608 2674 693 2722 tueare
710 2682 802 2737 taput3

218 2746 293 2813 Quod
308 2758 349 2797 tua
364 2763 402 2797 me
417 2743 472 2797 tutti
484 2745 575 2795 solatur
588 2744 705 2810 epistola,
723 2758 831 2810 peccas:

253 2818 362 2885 Remque
376 2819 438 2884 piam
454 2817 568 2884 praestas,
588 2818 613 2867 ni
628 2818 686 2867 mibi
700 2819 774 2867 verba
788 2832 876 2883 neges.

217 2892 273 2943 Hoc
282 2910 407 2957 ,.precor‚
423 2892 526 2941 emenda
540 2906 547 2939 ε
562 2890 664 2956 quodsi
678 2891 816 2940 correxeris
833 2904 918 2944 uuum,

253 2966 340 3017 Nullus
354 2966 379 3015 iu
395 2964 496 3033 egregio
512 2980 617 3031 corpore
631 2979 714 3015 uerus
727 2963 786 3015 etit.

813 3033 920 3086 Pluribus
