<?xml version="1.0" encoding="UTF-8"?>
<!DOCTYPE html PUBLIC "-//W3C//DTD XHTML 1.0 Transitional//EN"
    "http://www.w3.org/TR/xhtml1/DTD/xhtml1-transitional.dtd">
<html xmlns="http://www.w3.org/1999/xhtml" xml:lang="en" lang="en">
 <head>
  <title>
</title>
<meta http-equiv="Content-Type" content="text/html;charset=utf-8" />
  <meta name='ocr-system' content='tesseract 3.04.00' />
  <meta name='ocr-capabilities' content='ocr_page ocr_carea ocr_par ocr_line ocrx_word'/>
</head>
<body>
  <div class='ocr_page' id='page_1' title='image "./povidiinasoniso00unkngoog_0187.png"; bbox 0 0 1975 3700; ppageno 0'>
   <div class='ocr_carea' id='block_1_1' title="bbox 207 265 843 338">
    <p class='ocr_par' dir='ltr' id='par_1_1' title="bbox 207 265 843 338">
     <span class='ocr_line' id='line_1_1' title="bbox 207 265 843 338; baseline -0.002 -1"><span class='ocrx_word' id='word_1_1' title='bbox 207 266 277 337; x_wconf 84' lang='lat'>188</span> <span class='ocrx_word' id='word_1_2' title='bbox 318 270 359 335; x_wconf 81' lang='grc' dir='ltr'>Ρ.</span> <span class='ocrx_word' id='word_1_3' title='bbox 385 265 585 338; x_wconf 78' lang='lat' dir='ltr'>OV-Jutt</span> <span class='ocrx_word' id='word_1_4' title='bbox 612 266 843 336; x_wconf 65' lang='lat' dir='ltr'>Nasonis</span> 
     </span>
    </p>
   </div>
   <div class='ocr_carea' id='block_1_2' title="bbox 143 384 916 670">
    <p class='ocr_par' dir='ltr' id='par_1_2' title="bbox 143 384 916 670">
     <span class='ocr_line' id='line_1_2' title="bbox 203 384 916 453; baseline 0 -16"><span class='ocrx_word' id='word_1_5' title='bbox 203 386 242 437; x_wconf 88' lang='lat' dir='ltr'>Ne</span> <span class='ocrx_word' id='word_1_6' title='bbox 253 385 349 435; x_wconf 86' lang='lat' dir='ltr'>timeam</span> <span class='ocrx_word' id='word_1_7' title='bbox 360 396 445 453; x_wconf 81' lang='lat' dir='ltr'>gentes</span> <span class='ocrx_word' id='word_1_8' title='bbox 458 418 465 442; x_wconf 94' lang='lat'>,</span> <span class='ocrx_word' id='word_1_9' title='bbox 483 401 542 451; x_wconf 86' lang='lat' dir='ltr'>quas</span> <span class='ocrx_word' id='word_1_10' title='bbox 553 400 603 434; x_wconf 90' lang='lat' dir='ltr'>non</span> <span class='ocrx_word' id='word_1_11' title='bbox 611 386 679 435; x_wconf 76' lang='lat' dir='ltr'>bene</span> <span class='ocrx_word' id='word_1_12' title='bbox 697 384 823 436; x_wconf 80' lang='lat' dir='ltr'>submovet</span> <span class='ocrx_word' id='word_1_13' title='bbox 835 386 916 447; x_wconf 76' lang='lat' dir='ltr'>lller,</span> 
     </span>
     <span class='ocr_line' id='line_1_3' title="bbox 239 457 768 524; baseline 0 -16"><span class='ocrx_word' id='word_1_14' title='bbox 239 459 309 508; x_wconf 86' lang='lat' dir='ltr'>Neve</span> <span class='ocrx_word' id='word_1_15' title='bbox 325 470 381 507; x_wconf 76' lang='lat' dir='ltr'>tuus</span> <span class='ocrx_word' id='word_1_16' title='bbox 396 458 486 524; x_wconf 82' lang='lat' dir='ltr'>possim</span> <span class='ocrx_word' id='word_1_17' title='bbox 503 458 562 508; x_wconf 82' lang='lat' dir='ltr'>civis</span> <span class='ocrx_word' id='word_1_18' title='bbox 576 460 606 507; x_wconf 87' lang='lat' dir='ltr'>ab</span> <span class='ocrx_word' id='word_1_19' title='bbox 623 457 690 507; x_wconf 89' lang='lat' dir='ltr'>hoste</span> <span class='ocrx_word' id='word_1_20' title='bbox 705 459 768 523; x_wconf 85' lang='lat' dir='ltr'>capi.</span> 
     </span>
     <span class='ocr_line' id='line_1_4' title="bbox 143 531 888 601; baseline 0.003 -20"><span class='ocrx_word' id='word_1_21' title='bbox 143 546 175 581; x_wconf 85' lang='lat'>20</span> <span class='ocrx_word' id='word_1_22' title='bbox 180 546 192 601; x_wconf 83' lang='lat'><em>5</em></span> <span class='ocrx_word' id='word_1_23' title='bbox 206 531 250 581; x_wconf 84' lang='lat' dir='ltr'>Fas</span> <span class='ocrx_word' id='word_1_24' title='bbox 262 532 375 597; x_wconf 88' lang='lat' dir='ltr'>prohibet</span> <span class='ocrx_word' id='word_1_25' title='bbox 386 531 456 580; x_wconf 86' lang='lat' dir='ltr'>Latio</span> <span class='ocrx_word' id='word_1_26' title='bbox 467 547 608 597; x_wconf 81' lang='lat' dir='ltr'>quemquam</span> <span class='ocrx_word' id='word_1_27' title='bbox 619 532 650 580; x_wconf 89' lang='lat' dir='ltr'>de</span> <span class='ocrx_word' id='word_1_28' title='bbox 662 531 774 598; x_wconf 82' lang='lat' dir='ltr'>sanguiue</span> <span class='ocrx_word' id='word_1_29' title='bbox 785 544 888 592; x_wconf 87' lang='lat' dir='ltr'>natum,</span> 
     </span>
     <span class='ocr_line' id='line_1_5' title="bbox 241 604 759 670; baseline 0 -17"><span class='ocrx_word' id='word_1_30' title='bbox 241 604 371 654; x_wconf 73' lang='lat' dir='ltr'>caesaribus</span> <span class='ocrx_word' id='word_1_31' title='bbox 387 604 474 662; x_wconf 90' lang='lat' dir='ltr'>salvis,</span> <span class='ocrx_word' id='word_1_32' title='bbox 491 605 590 654; x_wconf 74' lang='lat' dir='ltr'>barbara</span> <span class='ocrx_word' id='word_1_33' title='bbox 605 605 685 653; x_wconf 81' lang='lat' dir='ltr'>vincla</span> <span class='ocrx_word' id='word_1_34' title='bbox 699 605 759 670; x_wconf 83' lang='lat' dir='ltr'>pati.</span> 
     </span>
    </p>
   </div>
   <div class='ocr_carea' id='block_1_3' title="bbox 204 674 984 738">
    <p class='ocr_par' dir='ltr' id='par_1_3' title="bbox 204 674 984 738">
     <span class='ocr_line' id='line_1_6' title="bbox 204 674 984 738; baseline 0.005 -12"><span class='ocrx_word' id='word_1_35' title='bbox 204 675 357 727; x_wconf 84' lang='lat' dir='ltr'>Perdiderint</span> <span class='ocrx_word' id='word_1_36' title='bbox 368 674 421 725; x_wconf 75' lang='lat' dir='ltr'>crim</span> <span class='ocrx_word' id='word_1_37' title='bbox 435 692 474 726; x_wconf 91' lang='lat' dir='ltr'>me</span> <span class='ocrx_word' id='word_1_38' title='bbox 486 677 536 726; x_wconf 88' lang='lat' dir='ltr'>duo</span> <span class='ocrx_word' id='word_1_39' title='bbox 547 677 662 734; x_wconf 86' lang='lat' dir='ltr'>crimina,</span> <span class='ocrx_word' id='word_1_40' title='bbox 680 693 778 727; x_wconf 86' lang='lat' dir='ltr'>carmen</span> <span class='ocrx_word' id='word_1_41' title='bbox 788 678 815 729; x_wconf 78' lang='grc' dir='ltr'>δι</span> <span class='ocrx_word' id='word_1_42' title='bbox 826 694 916 738; x_wconf 84' lang='lat' dir='ltr'>error,</span> <span class='ocrx_word' id='word_1_43' title='bbox 982 690 984 737; x_wconf 58' lang='lat' dir='ltr'><strong><em>g</em></strong></span> 
     </span>
    </p>
   </div>
   <div class='ocr_carea' id='block_1_4' title="bbox 128 748 913 1986">
    <p class='ocr_par' dir='ltr' id='par_1_4' title="bbox 128 748 913 1986">
     <span class='ocr_line' id='line_1_7' title="bbox 239 748 718 814; baseline 0.004 -17"><span class='ocrx_word' id='word_1_44' title='bbox 239 749 347 799; x_wconf 79' lang='lat' dir='ltr'>Alterius</span> <span class='ocrx_word' id='word_1_45' title='bbox 363 749 417 799; x_wconf 77' lang='lat' dir='ltr'>sassi</span> <span class='ocrx_word' id='word_1_46' title='bbox 432 750 504 814; x_wconf 81' lang='lat' dir='ltr'>eulpa</span> <span class='ocrx_word' id='word_1_47' title='bbox 520 748 612 799; x_wconf 86' lang='lat' dir='ltr'>silenda</span> <span class='ocrx_word' id='word_1_48' title='bbox 626 750 718 799; x_wconf 66' lang='lat' dir='ltr'>milri:⁴</span> 
     </span>
     <span class='ocr_line' id='line_1_8' title="bbox 203 822 913 885; baseline 0.007 -14"><span class='ocrx_word' id='word_1_49' title='bbox 203 824 265 872; x_wconf 85' lang='lat' dir='ltr'>Nam</span> <span class='ocrx_word' id='word_1_50' title='bbox 275 838 325 872; x_wconf 87' lang='lat' dir='ltr'>uon</span> <span class='ocrx_word' id='word_1_51' title='bbox 335 822 384 873; x_wconf 87' lang='lat' dir='ltr'>sum</span> <span class='ocrx_word' id='word_1_52' title='bbox 394 823 469 881; x_wconf 82' lang='lat' dir='ltr'>tanti,</span> <span class='ocrx_word' id='word_1_53' title='bbox 480 834 508 872; x_wconf 89' lang='lat' dir='ltr'>ut</span> <span class='ocrx_word' id='word_1_54' title='bbox 516 838 633 872; x_wconf 82' lang='lat' dir='ltr'>renovem</span> <span class='ocrx_word' id='word_1_55' title='bbox 643 823 810 883; x_wconf 77' lang='lat' dir='ltr'>tua‘vulnera,</span> <span class='ocrx_word' id='word_1_56' title='bbox 821 824 913 885; x_wconf 68' lang='lat' dir='ltr'>Cesar,</span> 
     </span>
     <span class='ocr_line' id='line_1_9' title="bbox 144 894 767 961; baseline 0.003 -18"><span class='ocrx_word' id='word_1_57' title='bbox 144 908 194 944; x_wconf 63' lang='grc' dir='ltr'>κιο</span> <span class='ocrx_word' id='word_1_58' title='bbox 241 894 323 959; x_wconf 86' lang='lat' dir='ltr'><strong>Quem</strong></span> <span class='ocrx_word' id='word_1_59' title='bbox 337 895 410 944; x_wconf 89' lang='lat' dir='ltr'>nimio</span> <span class='ocrx_word' id='word_1_60' title='bbox 425 896 478 961; x_wconf 86' lang='lat' dir='ltr'>plus</span> <span class='ocrx_word' id='word_1_61' title='bbox 492 894 527 945; x_wconf 85' lang='lat' dir='ltr'>est</span> <span class='ocrx_word' id='word_1_62' title='bbox 542 894 667 945; x_wconf 79' lang='lat' dir='ltr'>indoluisse</span> <span class='ocrx_word' id='word_1_63' title='bbox 682 895 767 945; x_wconf 88' lang='lat' dir='ltr'>semel.</span> 
     </span>
     <span class='ocr_line' id='line_1_10' title="bbox 203 966 890 1034; baseline 0.004 -16"><span class='ocrx_word' id='word_1_64' title='bbox 203 966 287 1018; x_wconf 81' lang='lat' dir='ltr'>Altera</span> <span class='ocrx_word' id='word_1_65' title='bbox 302 986 355 1034; x_wconf 83' lang='lat' dir='ltr'>pars</span> <span class='ocrx_word' id='word_1_66' title='bbox 372 967 495 1033; x_wconf 81' lang='lat' dir='ltr'>superesi,</span> <span class='ocrx_word' id='word_1_67' title='bbox 514 968 580 1034; x_wconf 65' lang='lat' dir='ltr'>qui,</span> <span class='ocrx_word' id='word_1_68' title='bbox 597 968 661 1034; x_wconf 83' lang='lat' dir='ltr'>turpi</span> <span class='ocrx_word' id='word_1_69' title='bbox 679 966 776 1019; x_wconf 89' lang='lat' dir='ltr'>crimine</span> <span class='ocrx_word' id='word_1_70' title='bbox 789 968 890 1029; x_wconf 64' lang='lat' dir='ltr'>mlius,</span> 
     </span>
     <span class='ocr_line' id='line_1_11' title="bbox 239 1040 688 1109; baseline 0.002 -19"><span class='ocrx_word' id='word_1_71' title='bbox 239 1041 337 1109; x_wconf 85' lang='lat' dir='ltr'>Arguor</span> <span class='ocrx_word' id='word_1_72' title='bbox 347 1041 450 1091; x_wconf 86' lang='lat' dir='ltr'>obsceni</span> <span class='ocrx_word' id='word_1_73' title='bbox 466 1040 552 1091; x_wconf 74' lang='lat' dir='ltr'>douor</span> <span class='ocrx_word' id='word_1_74' title='bbox 566 1041 688 1091; x_wconf 79' lang='lat' dir='ltr'>adulterii.</span> 
     </span>
     <span class='ocr_line' id='line_1_12' title="bbox 202 1111 785 1182; baseline -0.003 -17"><span class='ocrx_word' id='word_1_75' title='bbox 202 1114 246 1165; x_wconf 89' lang='lat' dir='ltr'>Fas</span> <span class='ocrx_word' id='word_1_76' title='bbox 263 1131 322 1182; x_wconf 84' lang='lat' dir='ltr'>ergo</span> <span class='ocrx_word' id='word_1_77' title='bbox 338 1114 370 1165; x_wconf 86' lang='lat' dir='ltr'>est</span> <span class='ocrx_word' id='word_1_78' title='bbox 384 1115 462 1180; x_wconf 67' lang='lat' dir='ltr'>aliqui</span> <span class='ocrx_word' id='word_1_79' title='bbox 480 1114 583 1165; x_wconf 80' lang='lat' dir='ltr'>coelestia</span> <span class='ocrx_word' id='word_1_80' title='bbox 598 1114 697 1179; x_wconf 73' lang='lat' dir='ltr'>pesiom</span> <span class='ocrx_word' id='word_1_81' title='bbox 711 1111 785 1173; x_wconf 68' lang='lat' dir='ltr'>salli,</span> 
     </span>
     <span class='ocr_line' id='line_1_13' title="bbox 236 1187 709 1239; baseline 0 -2"><span class='ocrx_word' id='word_1_82' title='bbox 236 1188 271 1237; x_wconf 83' lang='lat' dir='ltr'>&#39;Et</span> <span class='ocrx_word' id='word_1_83' title='bbox 288 1188 340 1238; x_wconf 90' lang='lat' dir='ltr'>sunt</span> <span class='ocrx_word' id='word_1_84' title='bbox 356 1188 442 1239; x_wconf 70' lang='lat' dir='ltr'>noune</span> <span class='ocrx_word' id='word_1_85' title='bbox 457 1189 533 1237; x_wconf 88' lang='lat' dir='ltr'>multa</span> <span class='ocrx_word' id='word_1_86' title='bbox 549 1188 641 1237; x_wconf 84' lang='lat' dir='ltr'>minora</span> <span class='ocrx_word' id='word_1_87' title='bbox 658 1187 709 1237; x_wconf 57' lang='lat' dir='ltr'>tus.</span> 
     </span>
     <span class='ocr_line' id='line_1_14' title="bbox 143 1260 865 1327; baseline 0.004 -20"><span class='ocrx_word' id='word_1_88' title='bbox 143 1264 174 1309; x_wconf 86' lang='lat'>21&#39;</span> <span class='ocrx_word' id='word_1_89' title='bbox 181 1274 193 1321; x_wconf 84' lang='lat'><em>5</em></span> <span class='ocrx_word' id='word_1_90' title='bbox 206 1260 290 1326; x_wconf 86' lang='lat' dir='ltr'>thue</span> <span class='ocrx_word' id='word_1_91' title='bbox 304 1262 394 1319; x_wconf 84' lang='lat' dir='ltr'>Deos,</span> <span class='ocrx_word' id='word_1_92' title='bbox 411 1262 548 1327; x_wconf 86' lang='lat' dir='ltr'>coelumque</span> <span class='ocrx_word' id='word_1_93' title='bbox 564 1262 634 1311; x_wconf 85' lang='lat' dir='ltr'>simul</span> <span class='ocrx_word' id='word_1_94' title='bbox 650 1260 768 1319; x_wconf 89' lang='lat' dir='ltr'>sublime,</span> <span class='ocrx_word' id='word_1_95' title='bbox 784 1260 865 1311; x_wconf 74' lang='lat' dir='ltr'>tuenti</span> 
     </span>
     <span class='ocr_line' id='line_1_15' title="bbox 239 1332 765 1402; baseline -0.002 -20"><span class='ocrx_word' id='word_1_96' title='bbox 239 1334 296 1383; x_wconf 92' lang='lat' dir='ltr'>Non</span> <span class='ocrx_word' id='word_1_97' title='bbox 311 1346 382 1384; x_wconf 87' lang='lat' dir='ltr'>vacat</span> <span class='ocrx_word' id='word_1_98' title='bbox 396 1335 489 1402; x_wconf 78' lang='lat' dir='ltr'>exiguis</span> <span class='ocrx_word' id='word_1_99' title='bbox 506 1335 580 1384; x_wconf 85' lang='lat' dir='ltr'>rebus</span> <span class='ocrx_word' id='word_1_100' title='bbox 594 1332 672 1383; x_wconf 83' lang='lat' dir='ltr'>adesse</span> <span class='ocrx_word' id='word_1_101' title='bbox 688 1333 765 1391; x_wconf 75' lang='lat' dir='ltr'>Jovi3</span> 
     </span>
     <span class='ocr_line' id='line_1_16' title="bbox 201 1404 838 1472; baseline 0.002 -17"><span class='ocrx_word' id='word_1_102' title='bbox 201 1406 225 1455; x_wconf 84' lang='grc' dir='ltr'><strong>Δ</strong></span> <span class='ocrx_word' id='word_1_103' title='bbox 240 1418 266 1455; x_wconf 88' lang='lat' dir='ltr'>te</span> <span class='ocrx_word' id='word_1_104' title='bbox 280 1404 426 1471; x_wconf 80' lang='lat' dir='ltr'>pendentem</span> <span class='ocrx_word' id='word_1_105' title='bbox 440 1410 474 1457; x_wconf 86' lang='lat' dir='ltr'>sic</span> <span class='ocrx_word' id='word_1_106' title='bbox 490 1408 545 1457; x_wconf 89' lang='lat' dir='ltr'>dum</span> <span class='ocrx_word' id='word_1_107' title='bbox 560 1406 721 1472; x_wconf 80' lang='lat' dir='ltr'>circumspicis</span> <span class='ocrx_word' id='word_1_108' title='bbox 734 1407 838 1467; x_wconf 85' lang='lat' dir='ltr'>orbem,</span> 
     </span>
     <span class='ocr_line' id='line_1_17' title="bbox 239 1478 651 1547; baseline 0 -18"><span class='ocrx_word' id='word_1_109' title='bbox 239 1478 361 1547; x_wconf 81' lang='lat' dir='ltr'>Effugiunt</span> <span class='ocrx_word' id='word_1_110' title='bbox 375 1478 444 1531; x_wconf 80' lang='lat' dir='ltr'>curas</span> <span class='ocrx_word' id='word_1_111' title='bbox 460 1480 574 1530; x_wconf 78' lang='lat' dir='ltr'>inferiora</span> <span class='ocrx_word' id='word_1_112' title='bbox 587 1492 651 1530; x_wconf 75' lang='lat' dir='ltr'>trias.</span> 
     </span>
     <span class='ocr_line' id='line_1_18' title="bbox 200 1549 861 1620; baseline -0.008 -18"><span class='ocrx_word' id='word_1_113' title='bbox 200 1551 300 1603; x_wconf 80' lang='lat' dir='ltr'>Scilicet</span> <span class='ocrx_word' id='word_1_114' title='bbox 315 1555 428 1620; x_wconf 87' lang='lat' dir='ltr'>imperii,</span> <span class='ocrx_word' id='word_1_115' title='bbox 447 1552 581 1618; x_wconf 80' lang='lat' dir='ltr'>Princeps,</span> <span class='ocrx_word' id='word_1_116' title='bbox 599 1552 699 1602; x_wconf 75' lang='lat' dir='ltr'>statione</span> <span class='ocrx_word' id='word_1_117' title='bbox 715 1549 819 1611; x_wconf 58' lang='lat' dir='ltr'>relisis,</span> <span class='ocrx_word' id='word_1_118' title='bbox 857 1594 861 1597; x_wconf 83' lang='grc'><em>.</em></span> 
     </span>
     <span class='ocr_line' id='line_1_19' title="bbox 145 1623 856 1693; baseline 0.004 -21"><span class='ocrx_word' id='word_1_119' title='bbox 145 1640 192 1673; x_wconf 80' lang='lat'>220</span> <span class='ocrx_word' id='word_1_120' title='bbox 241 1624 373 1691; x_wconf 68' lang='lat' dir='ltr'>lmpan&#39;bu&#39;s</span> <span class='ocrx_word' id='word_1_121' title='bbox 390 1628 485 1693; x_wconf 80' lang='lat' dir='ltr'>legeres</span> <span class='ocrx_word' id='word_1_122' title='bbox 502 1626 606 1676; x_wconf 81' lang='lat' dir='ltr'>carmina</span> <span class='ocrx_word' id='word_1_123' title='bbox 622 1626 681 1675; x_wconf 75' lang='lat' dir='ltr'>sasia</span> <span class='ocrx_word' id='word_1_124' title='bbox 698 1623 802 1675; x_wconf 73' lang='lat' dir='ltr'>modis?</span> <span class='ocrx_word' id='word_1_125' title='bbox 853 1652 856 1656; x_wconf 93' lang='lat'><em>·</em></span> 
     </span>
     <span class='ocr_line' id='line_1_20' title="bbox 128 1692 777 1765; baseline -0.002 -18"><span class='ocrx_word' id='word_1_126' title='bbox 128 1732 131 1741; x_wconf 43' lang='grc' dir='ltr'>ι</span> <span class='ocrx_word' id='word_1_127' title='bbox 201 1692 259 1748; x_wconf 87' lang='lat' dir='ltr'>Non</span> <span class='ocrx_word' id='word_1_128' title='bbox 274 1714 302 1749; x_wconf 80' lang='lat' dir='ltr'>ea</span> <span class='ocrx_word' id='word_1_129' title='bbox 316 1712 342 1750; x_wconf 90' lang='lat' dir='ltr'>te</span> <span class='ocrx_word' id='word_1_130' title='bbox 356 1700 434 1749; x_wconf 84' lang='lat' dir='ltr'>moles</span> <span class='ocrx_word' id='word_1_131' title='bbox 451 1698 554 1750; x_wconf 86' lang='lat' dir='ltr'>Romani</span> <span class='ocrx_word' id='word_1_132' title='bbox 568 1698 672 1749; x_wconf 87' lang='lat' dir='ltr'>nominis</span> <span class='ocrx_word' id='word_1_133' title='bbox 685 1709 777 1765; x_wconf 84' lang='lat' dir='ltr'>urget,</span> 
     </span>
     <span class='ocr_line' id='line_1_21' title="bbox 238 1772 825 1837; baseline -0.005 -16"><span class='ocrx_word' id='word_1_134' title='bbox 238 1772 313 1837; x_wconf 85' lang='lat' dir='ltr'>suque</span> <span class='ocrx_word' id='word_1_135' title='bbox 327 1774 375 1823; x_wconf 83' lang='lat' dir='ltr'>tuis</span> <span class='ocrx_word' id='word_1_136' title='bbox 391 1773 497 1823; x_wconf 89' lang='lat' dir='ltr'>humeris</span> <span class='ocrx_word' id='word_1_137' title='bbox 511 1785 560 1821; x_wconf 82' lang='lat' dir='ltr'>tam</span> <span class='ocrx_word' id='word_1_138' title='bbox 575 1773 630 1823; x_wconf 80' lang='lat' dir='ltr'>leve</span> <span class='ocrx_word' id='word_1_139' title='bbox 645 1773 724 1821; x_wconf 76' lang='lat' dir='ltr'>fertur</span> <span class='ocrx_word' id='word_1_140' title='bbox 740 1786 825 1829; x_wconf 82' lang='lat' dir='ltr'>onus;</span> 
     </span>
     <span class='ocr_line' id='line_1_22' title="bbox 201 1843 809 1912; baseline 0 -18"><span class='ocrx_word' id='word_1_141' title='bbox 201 1843 303 1896; x_wconf 81' lang='lat' dir='ltr'>Lusibus</span> <span class='ocrx_word' id='word_1_142' title='bbox 319 1859 346 1896; x_wconf 90' lang='lat' dir='ltr'>ut</span> <span class='ocrx_word' id='word_1_143' title='bbox 362 1845 439 1912; x_wconf 83' lang='lat' dir='ltr'>possis</span> <span class='ocrx_word' id='word_1_144' title='bbox 453 1846 581 1896; x_wconf 82' lang='lat' dir='ltr'>advertere</span> <span class='ocrx_word' id='word_1_145' title='bbox 596 1863 685 1895; x_wconf 87' lang='lat' dir='ltr'>numen</span> <span class='ocrx_word' id='word_1_146' title='bbox 700 1844 809 1910; x_wconf 83' lang='lat' dir='ltr'>ineptis,</span> 
     </span>
     <span class='ocr_line' id='line_1_23' title="bbox 237 1917 731 1986; baseline -0.004 -18"><span class='ocrx_word' id='word_1_147' title='bbox 237 1919 399 1986; x_wconf 82' lang='lat' dir='ltr'>Excutiasque</span> <span class='ocrx_word' id='word_1_148' title='bbox 417 1919 561 1969; x_wconf 79' lang='lat' dir='ltr'>oculis&#39;utia</span> <span class='ocrx_word' id='word_1_149' title='bbox 579 1918 657 1968; x_wconf 80' lang='lat' dir='ltr'>noslra</span> <span class='ocrx_word' id='word_1_150' title='bbox 673 1917 731 1968; x_wconf 84' lang='lat' dir='ltr'>tuis.</span> 
     </span>
    </p>
   </div>
   <div class='ocr_carea' id='block_1_5' title="bbox 141 1989 984 2058">
    <p class='ocr_par' dir='ltr' id='par_1_5' title="bbox 141 1959 984 2058">
     <span class='ocr_line' id='line_1_24' title="bbox 141 1989 984 2058; baseline 0.008 -22"><span class='ocrx_word' id='word_1_151' title='bbox 141 2004 190 2051; x_wconf 83' lang='lat'>225</span> <span class='ocrx_word' id='word_1_152' title='bbox 204 1991 276 2040; x_wconf 91' lang='lat' dir='ltr'>Nunc</span> <span class='ocrx_word' id='word_1_153' title='bbox 288 1992 331 2040; x_wconf 87' lang='lat' dir='ltr'>tibi</span> <span class='ocrx_word' id='word_1_154' title='bbox 343 1991 465 2042; x_wconf 85' lang='lat' dir='ltr'>Pannonia</span> <span class='ocrx_word' id='word_1_155' title='bbox 475 1991 523 2050; x_wconf 78' lang='lat' dir='ltr'>eli,</span> <span class='ocrx_word' id='word_1_156' title='bbox 537 2009 600 2042; x_wconf 89' lang='lat' dir='ltr'>nnnc</span> <span class='ocrx_word' id='word_1_157' title='bbox 611 1990 689 2058; x_wconf 82' lang='lat' dir='ltr'>lllyris</span> <span class='ocrx_word' id='word_1_158' title='bbox 700 2007 743 2040; x_wconf 89' lang='lat' dir='ltr'>ora</span> <span class='ocrx_word' id='word_1_159' title='bbox 752 1989 892 2042; x_wconf 69' lang='lat' dir='ltr'>domanda:</span> <span class='ocrx_word' id='word_1_160' title='bbox 982 2007 984 2056; x_wconf 82' lang='grc'>;</span> 
     </span>
    </p>
   </div>
   <div class='ocr_carea' id='block_1_6' title="bbox 139 2063 911 3009">
    <p class='ocr_par' dir='ltr' id='par_1_6' title="bbox 139 2063 911 3009">
     <span class='ocr_line' id='line_1_25' title="bbox 236 2063 911 2130; baseline -0.003 -16"><span class='ocrx_word' id='word_1_161' title='bbox 236 2063 345 2114; x_wconf 80' lang='lat' dir='ltr'>Rhaetica</span> <span class='ocrx_word' id='word_1_162' title='bbox 355 2081 418 2114; x_wconf 74' lang='lat' dir='ltr'>nrrnc</span> <span class='ocrx_word' id='word_1_163' title='bbox 429 2067 548 2130; x_wconf 67' lang='lat' dir='ltr'>prebent,</span> <span class='ocrx_word' id='word_1_164' title='bbox 556 2065 708 2130; x_wconf 76' lang='lat' dir='ltr'>Thraciaque</span> <span class='ocrx_word' id='word_1_165' title='bbox 718 2079 793 2119; x_wconf 77' lang='lat' dir='ltr'>arma,</span> <span class='ocrx_word' id='word_1_166' title='bbox 800 2077 911 2122; x_wconf 79' lang='lat' dir='ltr'>metum3</span> 
     </span>
     <span class='ocr_line' id='line_1_26' title="bbox 201 2137 870 2204; baseline 0.004 -19"><span class='ocrx_word' id='word_1_167' title='bbox 201 2137 273 2186; x_wconf 91' lang='lat' dir='ltr'>Nunc</span> <span class='ocrx_word' id='word_1_168' title='bbox 284 2139 345 2202; x_wconf 82' lang='lat' dir='ltr'>petit</span> <span class='ocrx_word' id='word_1_169' title='bbox 356 2137 484 2188; x_wconf 76' lang='lat' dir='ltr'>Armenius</span> <span class='ocrx_word' id='word_1_170' title='bbox 494 2155 580 2204; x_wconf 82' lang='lat' dir='ltr'>pacem</span> <span class='ocrx_word' id='word_1_171' title='bbox 592 2153 676 2189; x_wconf 82' lang='lat' dir='ltr'>:nuuc</span> <span class='ocrx_word' id='word_1_172' title='bbox 685 2137 788 2203; x_wconf 82' lang='lat' dir='ltr'>porrigit</span> <span class='ocrx_word' id='word_1_173' title='bbox 797 2153 870 2188; x_wconf 86' lang='lat' dir='ltr'>arcus</span> 
     </span>
     <span class='ocr_line' id='line_1_27' title="bbox 236 2209 855 2278; baseline -0.003 -18"><span class='ocrx_word' id='word_1_174' title='bbox 236 2209 336 2261; x_wconf 85' lang='lat' dir='ltr'>Parthus</span> <span class='ocrx_word' id='word_1_175' title='bbox 350 2227 444 2278; x_wconf 80' lang='lat' dir='ltr'>eques,</span> <span class='ocrx_word' id='word_1_176' title='bbox 462 2210 545 2260; x_wconf 72' lang='lat' dir='ltr'>timida</span> <span class='ocrx_word' id='word_1_177' title='bbox 557 2223 676 2276; x_wconf 76' lang='lat' dir='ltr'>captaque</span> <span class='ocrx_word' id='word_1_178' title='bbox 690 2211 757 2277; x_wconf 81' lang='lat' dir='ltr'>signa</span> <span class='ocrx_word' id='word_1_179' title='bbox 772 2225 855 2259; x_wconf 83' lang='lat' dir='ltr'>manu.</span> 
     </span>
     <span class='ocr_line' id='line_1_28' title="bbox 199 2280 835 2350; baseline 0 -18"><span class='ocrx_word' id='word_1_180' title='bbox 199 2283 271 2334; x_wconf 86' lang='lat' dir='ltr'>Nunc</span> <span class='ocrx_word' id='word_1_181' title='bbox 285 2299 310 2335; x_wconf 92' lang='lat' dir='ltr'>te</span> <span class='ocrx_word' id='word_1_182' title='bbox 327 2287 396 2350; x_wconf 87' lang='lat' dir='ltr'>prole</span> <span class='ocrx_word' id='word_1_183' title='bbox 410 2284 452 2334; x_wconf 72' lang='lat' dir='ltr'>tui</span> <span class='ocrx_word' id='word_1_184' title='bbox 467 2283 585 2349; x_wconf 82' lang='lat' dir='ltr'>juvenem·</span> <span class='ocrx_word' id='word_1_185' title='bbox 599 2280 729 2335; x_wconf 81' lang='lat' dir='ltr'>Germania</span> <span class='ocrx_word' id='word_1_186' title='bbox 744 2281 835 2341; x_wconf 82' lang='lat' dir='ltr'>sentit,</span> 
     </span>
     <span class='ocr_line' id='line_1_29' title="bbox 139 2356 801 2424; baseline -0.002 -20"><span class='ocrx_word' id='word_1_187' title='bbox 139 2368 188 2417; x_wconf 86' lang='lat'>230</span> <span class='ocrx_word' id='word_1_188' title='bbox 235 2357 350 2424; x_wconf 87' lang='lat' dir='ltr'>Bellaque</span> <span class='ocrx_word' id='word_1_189' title='bbox 368 2373 412 2423; x_wconf 87' lang='lat' dir='ltr'>pro</span> <span class='ocrx_word' id='word_1_190' title='bbox 429 2374 516 2424; x_wconf 87' lang='lat' dir='ltr'>magno</span> <span class='ocrx_word' id='word_1_191' title='bbox 532 2357 627 2408; x_wconf 70' lang='lat' dir='ltr'>Celare</span> <span class='ocrx_word' id='word_1_192' title='bbox 644 2356 723 2406; x_wconf 76' lang='lat' dir='ltr'>Cesar</span> <span class='ocrx_word' id='word_1_193' title='bbox 739 2356 801 2404; x_wconf 88' lang='lat' dir='ltr'>obit.</span> 
     </span>
     <span class='ocr_line' id='line_1_30' title="bbox 197 2423 910 2496; baseline -0.003 -16"><span class='ocrx_word' id='word_1_194' title='bbox 197 2423 312 2496; x_wconf 81' lang='lat' dir='ltr'>Denique</span> <span class='ocrx_word' id='word_1_195' title='bbox 320 2463 327 2488; x_wconf 92' lang='lat'>,</span> <span class='ocrx_word' id='word_1_196' title='bbox 335 2442 363 2479; x_wconf 89' lang='lat' dir='ltr'>ut</span> <span class='ocrx_word' id='word_1_197' title='bbox 372 2432 397 2480; x_wconf 89' lang='lat' dir='ltr'>in</span> <span class='ocrx_word' id='word_1_198' title='bbox 407 2443 491 2487; x_wconf 73' lang='lat' dir='ltr'>tanto,</span> <span class='ocrx_word' id='word_1_199' title='bbox 502 2445 616 2496; x_wconf 74' lang='lat' dir='ltr'>qirantum</span> <span class='ocrx_word' id='word_1_200' title='bbox 627 2445 676 2478; x_wconf 92' lang='lat' dir='ltr'>non</span> <span class='ocrx_word' id='word_1_201' title='bbox 686 2427 777 2478; x_wconf 78' lang='lat' dir='ltr'>exstitit</span> <span class='ocrx_word' id='word_1_202' title='bbox 786 2444 910 2494; x_wconf 73' lang='lat' dir='ltr'>umqum,</span> 
     </span>
     <span class='ocr_line' id='line_1_31' title="bbox 237 2501 844 2569; baseline -0.005 -17"><span class='ocrx_word' id='word_1_203' title='bbox 237 2502 366 2568; x_wconf 87' lang='lat' dir='ltr'>Corpore,</span> <span class='ocrx_word' id='word_1_204' title='bbox 381 2519 436 2568; x_wconf 88' lang='lat' dir='ltr'>pars</span> <span class='ocrx_word' id='word_1_205' title='bbox 452 2505 518 2552; x_wconf 86' lang='lat' dir='ltr'>nulla</span> <span class='ocrx_word' id='word_1_206' title='bbox 533 2503 567 2552; x_wconf 88' lang='lat' dir='ltr'>est</span> <span class='ocrx_word' id='word_1_207' title='bbox 582 2519 635 2569; x_wconf 81' lang='lat' dir='ltr'>quae</span> <span class='ocrx_word' id='word_1_208' title='bbox 648 2504 716 2551; x_wconf 87' lang='lat' dir='ltr'>labet</span> <span class='ocrx_word' id='word_1_209' title='bbox 728 2501 822 2566; x_wconf 87' lang='lat' dir='ltr'>imperii</span> <span class='ocrx_word' id='word_1_210' title='bbox 835 2519 844 2559; x_wconf 65' lang='grc' dir='ltr'><strong><em>ς</em></strong></span> 
     </span>
     <span class='ocr_line' id='line_1_32' title="bbox 199 2575 863 2643; baseline -0.006 -17"><span class='ocrx_word' id='word_1_211' title='bbox 199 2576 263 2626; x_wconf 90' lang='lat' dir='ltr'>Urbs</span> <span class='ocrx_word' id='word_1_212' title='bbox 282 2591 377 2642; x_wconf 88' lang='lat' dir='ltr'>quoque</span> <span class='ocrx_word' id='word_1_213' title='bbox 395 2588 420 2625; x_wconf 88' lang='lat' dir='ltr'>te</span> <span class='ocrx_word' id='word_1_214' title='bbox 439 2577 464 2626; x_wconf 80' lang='grc' dir='ltr'>δι</span> <span class='ocrx_word' id='word_1_215' title='bbox 480 2577 561 2643; x_wconf 83' lang='lat' dir='ltr'>legum</span> <span class='ocrx_word' id='word_1_216' title='bbox 574 2575 639 2624; x_wconf 82' lang='lat' dir='ltr'>lassat</span> <span class='ocrx_word' id='word_1_217' title='bbox 655 2576 731 2624; x_wconf 85' lang='lat' dir='ltr'>tutela</span> <span class='ocrx_word' id='word_1_218' title='bbox 746 2587 863 2634; x_wconf 87' lang='lat' dir='ltr'>tuarum,</span> 
     </span>
     <span class='ocr_line' id='line_1_33' title="bbox 235 2646 802 2714; baseline -0.005 -16"><span class='ocrx_word' id='word_1_219' title='bbox 235 2648 266 2698; x_wconf 88' lang='lat' dir='ltr'>Et</span> <span class='ocrx_word' id='word_1_220' title='bbox 283 2663 394 2705; x_wconf 81' lang='lat' dir='ltr'>morum,</span> <span class='ocrx_word' id='word_1_221' title='bbox 411 2649 501 2700; x_wconf 83' lang='lat' dir='ltr'>similes</span> <span class='ocrx_word' id='word_1_222' title='bbox 519 2665 582 2714; x_wconf 85' lang='lat' dir='ltr'>quos</span> <span class='ocrx_word' id='word_1_223' title='bbox 598 2647 665 2713; x_wconf 84' lang='lat' dir='ltr'>cupis</span> <span class='ocrx_word' id='word_1_224' title='bbox 679 2646 727 2696; x_wconf 81' lang='lat' dir='ltr'>elle</span> <span class='ocrx_word' id='word_1_225' title='bbox 743 2647 802 2696; x_wconf 79' lang='lat' dir='ltr'>suis.</span> 
     </span>
     <span class='ocr_line' id='line_1_34' title="bbox 139 2719 862 2788; baseline -0.007 -15"><span class='ocrx_word' id='word_1_226' title='bbox 139 2735 152 2765; x_wconf 81' lang='lat'><em>2</em></span> <span class='ocrx_word' id='word_1_227' title='bbox 156 2731 168 2780; x_wconf 83' lang='lat'><em>3</em></span> <span class='ocrx_word' id='word_1_228' title='bbox 176 2721 254 2780; x_wconf 84' lang='lat' dir='ltr'>5.&#39;Nec</span> <span class='ocrx_word' id='word_1_229' title='bbox 264 2723 309 2771; x_wconf 81' lang='lat' dir='ltr'>tibi</span> <span class='ocrx_word' id='word_1_230' title='bbox 320 2721 480 2788; x_wconf 85' lang='lat' dir='ltr'>contingunt,</span> <span class='ocrx_word' id='word_1_231' title='bbox 500 2730 553 2786; x_wconf 84' lang='lat' dir='ltr'>quae</span> <span class='ocrx_word' id='word_1_232' title='bbox 563 2721 673 2788; x_wconf 79' lang='lat' dir='ltr'>gentibus</span> <span class='ocrx_word' id='word_1_233' title='bbox 684 2719 732 2770; x_wconf 83' lang='lat' dir='ltr'>otia</span> <span class='ocrx_word' id='word_1_234' title='bbox 743 2719 839 2784; x_wconf 75' lang='lat' dir='ltr'>presius</span> <span class='ocrx_word' id='word_1_235' title='bbox 851 2735 862 2778; x_wconf 67' lang='grc' dir='ltr'><strong>ς</strong></span> 
     </span>
     <span class='ocr_line' id='line_1_35' title="bbox 233 2792 747 2862; baseline -0.008 -18"><span class='ocrx_word' id='word_1_236' title='bbox 233 2794 348 2862; x_wconf 84' lang='lat' dir='ltr'>Bellaque</span> <span class='ocrx_word' id='word_1_237' title='bbox 362 2811 418 2845; x_wconf 84' lang='lat' dir='ltr'>cum</span> <span class='ocrx_word' id='word_1_238' title='bbox 431 2795 513 2844; x_wconf 83' lang='lat' dir='ltr'>multis</span> <span class='ocrx_word' id='word_1_239' title='bbox 527 2794 656 2859; x_wconf 82' lang='lat' dir='ltr'>irrequieta</span> <span class='ocrx_word' id='word_1_240' title='bbox 673 2792 747 2860; x_wconf 78' lang='lat' dir='ltr'>geris.</span> 
     </span>
     <span class='ocr_line' id='line_1_36' title="bbox 198 2866 817 2934; baseline -0.011 -16"><span class='ocrx_word' id='word_1_241' title='bbox 198 2867 277 2920; x_wconf 88' lang='lat' dir='ltr'>Mirer</span> <span class='ocrx_word' id='word_1_242' title='bbox 289 2869 313 2918; x_wconf 92' lang='lat' dir='ltr'>in</span> <span class='ocrx_word' id='word_1_243' title='bbox 329 2870 377 2918; x_wconf 88' lang='lat' dir='ltr'>hoc</span> <span class='ocrx_word' id='word_1_244' title='bbox 393 2868 466 2934; x_wconf 77' lang='lat' dir='ltr'>igitur</span> <span class='ocrx_word' id='word_1_245' title='bbox 480 2879 600 2918; x_wconf 83' lang='lat' dir='ltr'>tantarum</span> <span class='ocrx_word' id='word_1_246' title='bbox 611 2866 720 2931; x_wconf 88' lang='lat' dir='ltr'>pondere</span> <span class='ocrx_word' id='word_1_247' title='bbox 735 2879 817 2913; x_wconf 86' lang='lat' dir='ltr'>rerum</span> 
     </span>
     <span class='ocr_line' id='line_1_37' title="bbox 234 2933 761 3009; baseline -0.011 -17"><span class='ocrx_word' id='word_1_248' title='bbox 234 2943 367 3009; x_wconf 87' lang='lat' dir='ltr'>Numquam</span> <span class='ocrx_word' id='word_1_249' title='bbox 383 2952 409 2992; x_wconf 88' lang='lat' dir='ltr'>te</span> <span class='ocrx_word' id='word_1_250' title='bbox 426 2939 520 2992; x_wconf 80' lang='lat' dir='ltr'>nostros</span> <span class='ocrx_word' id='word_1_251' title='bbox 536 2938 651 2990; x_wconf 81' lang='lat' dir='ltr'>evoluisse</span> <span class='ocrx_word' id='word_1_252' title='bbox 665 2933 761 3008; x_wconf 79' lang='lat' dir='ltr'>jocos?</span> 
     </span>
    </p>
   </div>
   <div class='ocr_carea' id='block_1_7' title="bbox 0 0 1030 3700">
    <p class='ocr_par' dir='ltr' id='par_1_7' title="bbox 0 0 1030 3700">
     <span class='ocr_line' id='line_1_38' title="bbox 0 0 1030 3700; baseline 0 0"><span class='ocrx_word' id='word_1_253' title='bbox 0 0 1030 3700; x_wconf 95' lang='lat' dir='ltr'> </span> 
     </span>
    </p>
   </div>
  </div>
 </body>
</html>
