1975 3700
235 1336 785 1502 *ovum
875 1412 1513 1504 NASONIS

179 1605 1606 1734 EASTORUM

399 1822 809 1895 LIBER
906 1823 1443 1895 PRIMUS.

179 1927 338 2045 TE
353 2008 400 2045 Μ
415 2011 447 2047 ι·
461 2008 499 2047 ο
520 2009 607 2048 ιΑ
634 2014 744 2047 cum
766 1996 925 2047 causis
947 1996 1141 2047 Latium
1166 1996 1341 2065 digesta
1363 2014 1455 2063 per
1475 2014 1649 2048 annum
1671 2029 1687 2055 ‚

253 2068 500 2137 Lapsaque
523 2070 604 2120 sub
635 2085 791 2121 terras
813 2104 829 2130 ‚
857 2085 1062 2138 ortaque
1084 2073 1219 2139 signa
1242 2104 1258 2130 ‚
1284 2088 1469 2122 canam.

181 2140 362 2207 Excipe
383 2157 559 2209 pacato
582 2178 598 2202 ‚
639 2142 804 2194 Caesar
827 2143 1124 2195 Germanice
1146 2178 1162 2202 ‚
1196 2146 1340 2196 vultu

254 2215 365 2266 Hoc
386 2234 511 2283 opus
537 2233 553 2268 ε
577 2218 628 2268 8(
649 2218 828 2267 timidae
852 2219 1004 2285 dirige
1025 2218 1160 2268 navis
1183 2218 1296 2269 iter.

182 2283 447 2355 Officiique
476 2291 637 2341 levem
665 2308 764 2340 non
788 2292 1035 2342 aversatus
1059 2291 1298 2342 honorem
1321 2324 1338 2351 .
1579 2315 1588 2321 ·
1628 2304 1657 2355 5

250 2361 324 2412 En
348 2364 440 2417 tihi
462 2364 647 2415 devoto
669 2379 870 2415 munere
894 2366 1072 2416 dexter
1088 2366 1223 2416 ades.

183 2433 322 2486 Sacra
352 2438 678 2505 recognosces
705 2439 954 2490 annalibus
982 2452 1121 2491 eruta
1148 2436 1316 2505 priscis
1335 2456 1360 2499 3

253 2509 315 2560 Et
339 2528 437 2578 quo
465 2514 530 2563 sit
551 2512 724 2563 merito
753 2530 958 2580 quaeque
987 2524 1155 2563 notata
1185 2514 1309 2565 dies.

183 2581 404 2635 Invenies
431 2585 532 2635 illic
566 2587 617 2637 &
645 2586 760 2637 festa
789 2585 1044 2636 domestica
1074 2587 1215 2636 vobis
1239 2602 1256 2638 t

253 2657 392 2726 Saepe
413 2658 502 2709 tibi
521 2672 658 2726 pater
681 2659 749 2709 est
767 2693 786 2715 ,
827 2658 953 2725 saepe
979 2660 1216 2728 legendus
1243 2676 1385 2712 avus.
1626 2673 1695 2711 ιο

186 2727 398 2797 Quaeque
421 2733 584 2783 ferunt
605 2733 672 2783 illi
695 2766 711 2790 ‚
744 2731 897 2798 pistos
916 2733 1148 2801 signantia
1171 2734 1333 2785 Fastos
1350 2766 1367 2792 ‚

252 2803 330 2853 Tu
351 2822 545 2873 quoque
569 2823 677 2856 cum
699 2806 863 2856 Druso
890 2807 1084 2873 praemia
1107 2807 1255 2858 fratre
1277 2807 1426 2858 feres·

187 2875 378 2927 Caesaris
408 2894 534 2929 arma
558 2892 731 2931 canant
752 2880 830 2929 alii
850 2914 865 2939 ,
895 2897 986 2930 nos
1016 2879 1218 2931 Caesaris
1244 2897 1347 2930 aras
1370 2896 1386 2933 t

249 2949 311 3002 Et
333 2951 656 3023 quoscumque
677 2952 824 3007 sacris
847 2953 1033 3006 addidit
1058 2954 1141 3005 ille
1164 2954 1289 3007 dies.
