1975 3700
91 256 619 330 Eo1sr.rxPontoL.I.
658 260 735 354 285

13 374 73 442 Qui
88 391 121 424 ne
136 371 240 424 difficilis
256 373 316 424 mihi
330 376 381 435 sit,
400 377 535 432 Graecine,
554 391 674 441 pretate:

55 447 154 497 Confer
175 447 201 496 &
217 446 241 496 in
255 457 340 496 votum
355 460 383 500 tu
398 466 496 516 quoque
509 450 586 500 verba
600 465 690 500 meum.

13 521 99 586 inque
115 519 247 569 Totnitana
262 516 355 582 jaceam
372 524 506 576 tumulatus
522 521 614 581 areni,

56 593 83 642 Si
99 605 126 644 te
143 609 192 642 non
211 592 281 644 nobis
298 593 339 644 ista
355 611 449 646 vovere
466 595 553 660 liquet.
746 609 787 658 50.

15 667 82 716 Nam
99 663 164 730 ptiirs
183 664 298 728 incipiant
315 675 395 718 turres
411 669 489 718 vitare
508 668 646 726 columbae,

56 738 137 788 Antra
154 737 213 786 serae
230 769 237 794 ‚
250 739 358 801 pecudes
376 741 501 806 gramina,
517 753 614 806 mergus
628 755 701 806 aquas
714 757 724 800 3

17 810 102 876 Quam
117 808 180 859 male
195 809 219 858 se
235 811 332 876 praesiet
348 815 430 863 veteri
446 811 575 863 Graecinus
591 813 681 866 amiso.

56 885 117 934 Non
134 884 168 933 ita
182 882 237 932 sunt
254 880 309 936 satis
326 887 406 936 omnia
421 885 491 936 versa
502 886 575 940 meis.

84 991 732 1066 412&oess

145 1110 489 1177 EPISTOLA
541 1113 675 1178 vil.

185 1240 635 1314 MESSALLINO.

23 1331 126 1446 Lat·
136 1407 179 1445 tan
187 1409 206 1446 a
220 1413 266 1462 pro
281 1399 362 1449 verbis
371 1399 414 1448 tibi
427 1433 434 1458 ,
451 1397 606 1455 Messalline,
623 1395 741 1455 salutem,

61 1468 142 1532 Quam
157 1469 237 1536 legis,
256 1489 270 1520 a
286 1471 355 1522 saevis
369 1473 452 1523 attulit
467 1489 544 1539 usque
561 1468 644 1520 Getis.

22 1540 117 1590 indicat
132 1541 254 1594 ausiorem
267 1545 336 1595 locus
355 1560 362 1594 a
378 1562 427 1604 an,
445 1544 491 1595 nisi
508 1540 606 1594 nomine
622 1541 705 1600 lesio,

60 1613 122 1664 Haec
137 1631 175 1664 me
191 1615 312 1668 Nasonem
328 1617 431 1668 scribere
446 1619 522 1668 verba
536 1613 620 1666 iateti

24 1685 114 1750 Ecquis
131 1686 157 1735 in
174 1699 285 1739 extremo
301 1690 395 1755 positus
411 1691 477 1756 jacet
493 1691 554 1740 orbe
569 1702 684 1745 tuocum,
745 1700 758 1748 5

60 1758 105 1807 Me
122 1771 203 1809 tamen
220 1774 346 1826 excepto,
364 1764 404 1828 qui
421 1779 511 1828 precor
526 1761 573 1812 esse
588 1758 671 1811 tuus?
759 1797 762 1803 .
829 1754 831 1758 ’
898 1747 902 1757 ’

25 1830 57 1884 Di
72 1833 190 1896 procesit
206 1835 318 1893 consiis,
335 1837 376 1902 qui
391 1845 416 1887 te
432 1847 580 1889 venerantur
595 1844 743 1898 amantque,

61 1904 141 1970 Hujus
157 1906 268 1957 notitiam
284 1910 363 1976 gentis
379 1908 458 1959 abesse
473 1909 563 1959 veiint.

26 1977 81 2027 Non
97 1978 151 2029 satis
169 1978 202 2029 est
216 1980 280 2031 inter
293 1982 393 2049 glaciem
409 1983 586 2049 Scythicasque
602 1979 698 2047 sagittas

60 2052 172 2110 Vivere,
191 2054 212 2103 si
226 2054 276 2103 vita
291 2054 324 2103 esi
337 2057 423 2105 mortis
439 2056 550 2105 habenda
566 2063 652 2120 genus.
746 2065 779 2101 to

27 2124 77 2173 Nos
93 2136 188 2191 premat
203 2128 329 2177 auriello
344 2128 418 2179 tellus
430 2160 438 2187 ,
452 2140 493 2179 aut
508 2128 599 2193 frigore
615 2126 724 2175 coelum:

60 2198 177 2264 Truxque
190 2196 271 2249 Getes
288 2200 379 2259 armis,
394 2200 511 2267 grandine
528 2198 607 2265 pulset
621 2198 707 2246 hiems.

27 2270 77 2323 Nos
92 2271 181 2321 habeat
198 2272 287 2339 regio,
305 2286 440 2339 neczpomo
458 2274 527 2330 seta,
544 2288 590 2323 nec
606 2270 681 2328 usias

61 2344 93 2393 Et
109 2343 179 2409 cujus
194 2346 285 2395 nullum
304 2344 377 2395 cesset
395 2349 423 2396 ab
439 2346 507 2397 hoste
522 2346 585 2395 latus

28 2416 116 2466 Cetera
131 2418 163 2477 sit
177 2416 257 2482 sospes
275 2419 397 2469 cultorum
411 2420 481 2469 turba
497 2430 618 2475 tuorum
748 2427 778 2477 ις

62 2490 90 2539 in
107 2490 211 2555 quibus,
231 2504 259 2544 ut
274 2492 384 2558 populo,
403 2508 458 2558 pars
475 2506 524 2558 ego
538 2507 611 2557 parva
629 2486 674 2540 sui.

30 2561 70 2611 Me
87 2562 198 2613 miserum
215 2562 222 2612 l
241 2564 261 2613 si
276 2576 305 2613 tu
320 2565 401 2615 verbis
417 2562 629 2620 offenderisisiis,

64 2637 164 2701 Nosque
182 2652 255 2703 negas
272 2636 321 2687 utta
337 2649 406 2702 parte
424 2635 492 2687 fuisse
508 2648 574 2687 tuos.

29 2708 101 2772 idque
119 2709 193 2758 sicut
210 2726 315 2769 verum,
333 2710 436 2761 mentito
450 2708 577 2776 ignoscere
594 2708 679 2759 debes·

63 2783 103 2831 Nil
120 2781 273 2835 demittendi
287 2783 364 2849 gioria
377 2782 456 2833 nostra
471 2794 530 2833 tuae.
747 2791 783 2827 20

12 2860 13 2885 ¹
32 2852 87 2917 Quis
104 2854 127 2903 se
145 2854 280 2906 Caesaribus
298 2856 362 2907 notis
379 2872 428 2905 non
443 2852 512 2921 fingit
528 2851 656 2903 amicum?

62 2926 101 2979 Da
116 2927 212 2987 venam
228 2927 287 2981 saffo
299 2962 308 2990 ,
327 2940 358 2980 tu
373 2928 431 2980 mihi
443 2925 524 2979 Cesar
539 2927 598 2981 eris.
