1975 3700
206 239 279 310 116
328 240 370 310 P.
399 239 591 309 Ovrurr
619 241 855 311 Nasonrs

160 373 191 423 95
206 354 263 420 Qud
274 357 325 422 post
336 360 404 424 quaint
414 370 533 416 ventum3
547 358 676 408 Consistite
689 393 696 417 ,
710 360 810 425 praescia
822 373 930 420 mater,

242 431 303 479 Nam
317 433 384 480 lucus
398 432 491 498 imperii
503 449 544 480 rus
558 433 604 482 erit
614 432 693 490 illud,
707 433 749 481 ait.

206 503 237 554 Et
248 504 317 554 matri
329 505 354 555 St
367 505 416 553 vati
426 517 495 569 paret
506 507 642 554 Nonacrius
653 507 744 562 heros,

242 577 318 642 Inque
332 577 459 643 peregrini
478 577 583 628 constitit
602 577 688 643 hospes
703 576 796 626 humo!

205 650 324 716 Sacraque
336 652 409 700 multa
420 651 533 715 quidem,
546 650 588 700 sed
598 652 674 700 Fauni
686 651 761 716 prima
771 652 892 702 bicornis
972 650 973 675 ³

148 737 195 770 100
245 722 294 770 llas
309 723 392 782 docuit
404 737 508 789 gentes,
520 724 668 790 alipedisque
679 724 739 773 Dei.

151 851 155 858 .
206 795 361 860 semicaper,
380 797 468 846 coletis
483 797 613 854 eludatis,
630 797 732 855 Faune,
749 795 901 862 Lupercis3

244 865 306 917 Ctlm
326 869 424 920 lustrant
443 871 554 920 celebres
572 872 664 919 vellera
682 868 745 919 secla
762 871 827 920 vias.

206 940 240 992 At
259 953 285 994 tu
301 955 409 992 materno
430 943 521 992 donasti
542 944 639 992 nornine
655 943 778 1001 mensem,

243 1015 359 1066 Inventor
376 1033 475 1074 curvae,
494 1017 587 1066 furibus
604 1028 680 1080 apte,
696 1015 763 1066 fidis.-

148 1101 178 1135 10
182 1101 194 1150 5
209 1087 262 1137 Nec
273 1089 350 1154 pietas
361 1091 413 1140 hec
424 1089 499 1154 prima
508 1101 550 1138 tua
561 1089 595 1138 est
606 1102 614 1138 t
628 1089 725 1154 septena
734 1088 848 1154 putaris,

242 1161 365 1212 Pleiadum
378 1179 503 1212 numerum
514 1197 522 1221 ,
540 1160 580 1210 fila
591 1161 680 1210 dedille
690 1163 763 1228 lyrae(

207 1233 266 1282 Haec
278 1251 374 1301 quoque
384 1235 508 1294 desierat,
521 1227 663 1300 laudataque
674 1251 738 1285 voce
750 1234 867 1284 sororum
881 1236 926 1286 ett.

242 1305 309 1369 Quid
319 1305 424 1358 faciam?
438 1310 515 1358 turbat
527 1325 581 1373 pars
592 1308 666 1357 habet
680 1308 758 1358 omnis
768 1308 845 1358 idern.

207 1377 292 1429 Gratia
307 1379 426 1432 Pi'e'ridum
441 1382 510 1431 uobis
524 1381 649 1446 aequaliter
662 1381 723 1430 adsit
731 1397 741 1438 ;
767 1370 773 1386 “

149 1463 196 1500 tto
245 1453 366 1520 Nullaque
383 1454 493 1504 laudetur
510 1456 594 1520 plusve
611 1454 720 1503 minusve
736 1454 803 1503 milii.

206 1523 254 1576 AB
270 1524 332 1576 Jove
348 1526 427 1594 surgat
442 1543 521 1592 opus:
541 1526 616 1592 primi
629 1527 687 1577 milri
704 1526 775 1576 notle
789 1525 908 1577 videnda

242 1598 317 1648 Stella
330 1599 364 1648 est
375 1599 399 1648 iu
412 1617 483 1650 cunas
499 1599 606 1650 officiosa
617 1599 695 1652 lovis.

205 1671 315 1722 Nascitur
333 1673 428 1723 Oleniae
444 1676 538 1740 signum
553 1672 658 1738 pluviale
676 1672 804 1736 Capellaet

242 1746 285 1794 llla
303 1747 351 1795 dati
369 1748 457 1796 coelum
476 1744 573 1811 praemia
588 1745 653 1795 tatus
670 1746 753 1796 habet.

148 1830 195 1880 115
209 1818 269 1869 Nais
285 1818 432 1878 Amalthea,
452 1819 547 1870 Cretaet
565 1819 651 1869 nobilis
669 1818 733 1877 ldlr,

242 1893 340 1942 Dicitur
352 1894 376 1941 in
391 1893 456 1942 silvis
470 1892 599 1943 occuluill'e
612 1892 708 1943 lovem.

206 1962 269 2013 Huic
282 1965 328 2015 fuit
341 1965 464 2015 hadorum
478 1979 555 2016 mater
566 1965 671 2015 formosa
684 1966 786 2015 duorum

242 2037 308 2087 lnter
322 2038 430 2089 niueos
445 2039 613 2104 conspicienda
626 2054 731 2106 greges,

107 2105 110 2107 ’
205 2108 325 2159 Cornibus
342 2112 429 2170 ebriis,
449 2125 522 2179 atque
535 2113 561 2162 in
573 2113 613 2163 sua
624 2124 694 2179 terga
705 2110 833 2169 recurvis,

147 2195 195 2230 120
244 2184 346 2242 Ubere,
364 2186 429 2251 quod
446 2186 525 2237 nutrix
542 2184 618 2250 pollet
631 2186 721 2235 habere
735 2184 816 2235 lovis.

204 2254 252 2304 Lac
266 2258 335 2307 dabat
348 2260 388 2309 illa
402 2260 476 2309 Deo:
490 2259 531 2308 sed
541 2258 615 2325 fregit
627 2258 651 2306 in
664 2259 751 2307 arbore
763 2272 862 2315 cornu,

239 2330 385 2398 Truncaque
399 2330 493 2381 dimidia
504 2343 573 2395 parte
587 2329 680 2380 decoris
692 2342 754 2379 erat.

204 2401 302 2453 Sustulit
311 2406 358 2454 hoc
368 2406 498 2471 Nymphe3
509 2405 658 2469 cinttumque
668 2402 807 2453 recentibus
815 2402 917 2461 herbis,

241 2476 272 2525 Et
287 2478 384 2542 plenum
398 2478 474 2543 pomis
487 2509 496 2535 ,
510 2478 540 2526 ad
555 2477 623 2528 Iovis
639 2492 682 2525 ora
697 2476 761 2525 tulit.

147 2560 193 2607 125
207 2548 270 2606 llle,
285 2550 324 2599 ubi
338 2566 377 2599 res
391 2551 447 2600 coeli
459 2551 555 2608 tenuit,
571 2550 679 2615 solioque
692 2561 795 2614 paterno

241 2622 325 2681 Sedit,
347 2623 473 2673 &invido
488 2624 521 2672 nil
535 2623 598 2674 Jove
610 2620 686 2686 majus
704 2633 777 2679 erat,

206 2694 288 2744 Sidera
304 2697 443 2755 nutricem,
460 2697 558 2747 nutricis
574 2696 654 2745 fertile
672 2709 767 2751 cornu,

241 2768 328 2819 Fecit:
350 2770 414 2837 quod
426 2770 528 2819 domine
539 2785 603 2819 nunc
616 2784 714 2835 quoque
727 2782 819 2815 nomen
830 2763 916 2817 habet.

206 2838 347 2895 l’raestitibus
359 2842 432 2909 Majae
443 2842 543 2893 Laribus
554 2840 636 2891 videre
648 2839 765 2890 Kalendae

146 2924 195 2976 130
242 2914 315 2966 Aram
328 2916 454 2977 constitui,
467 2916 581 2985 signaque
591 2930 664 2981 parva
674 2912 767 2965 Deltm.
