1975 3700
157 243 457 344 farronem
484 241 593 315 Lra.
618 249 660 316 V.
714 265 785 342 ¹23

78 362 154 413 Scena
165 361 225 411 levis
237 362 310 413 decet
318 359 381 409 hanc
392 376 400 411 s
412 359 520 419 nonest,
532 360 589 411 mihi
599 363 708 424 credite,
720 365 814 416 nonest

113 435 158 493 llla·
172 435 327 484 cothurnatus
344 433 408 484 inter
423 435 534 483 habenda
547 435 624 485 Deas.

78 507 159 558 Turba
175 508 272 574 quidem
290 523 334 556 cur
348 506 392 556 hos
409 507 536 557 celebrent
547 508 684 560 meretricia
699 510 788 570 ludos,

109 580 170 652 ⁸Non
182 597 213 631 ex
224 577 313 632 difficili
325 580 393 630 causa
404 581 510 646 petenda
521 580 608 633 subest.
797 598 849 650 350

78 654 135 704 Non
149 653 182 704 ell
196 653 226 703 de
238 653 350 712 tetricis.
366 669 416 702 non
426 653 459 704 ell
470 654 502 704 de
512 669 597 722 magna
609 655 725 722 professis
738 671 747 709 s

113 726 175 778 Vult
189 725 230 776 sua
247 724 349 790 Plebejo
366 726 432 776 sacra
447 739 533 792 patere
550 729 637 780 choro.

77 801 109 850 Et
125 811 208 850 monet
223 800 301 850 atatis
318 798 417 865 specie,
436 799 491 850 dum
506 799 613 859 floreat,
630 802 686 862 uti;

27 880 31 886 '
113 872 244 924 Contemni
260 872 367 938 spinam,
388 888 442 921 cum
458 871 571 922 cecidere
586 875 657 927 rosae.

77 945 127 996 Cur
144 951 243 1003 tanuen,
261 959 289 995 ur
302 945 389 996 dantur
403 943 482 994 vestes
501 943 643 998 Cerealibus
658 949 739 1011 albae,
796 964 848 1017 355

113 1019 152 1070 Sic
169 1020 220 1070 haee
235 1017 268 1068 est
284 1019 351 1068 cultu
365 1017 517 1069 versicolore
532 1018 645 1070 decens?

76 1092 115 1142 An
132 1093 185 1159 qnia
202 1091 299 1142 maturis
313 1089 415 1142 albescit
429 1091 514 1143 messis
528 1091 623 1143 aridis?

112 1166 143 1216 Er
153 1167 230 1232 ,color
247 1165 273 1216 δι
290 1163 383 1231 species
398 1163 500 1216 floribus
516 1166 595 1219 omnis
610 1164 695 1217 inest?

77 1238 189 1298 Annuit3
210 1239 236 1289 b(
251 1238 326 1288 notis
339 1237 412 1288 flores
430 1237 543 1289 cecidere
560 1241 676 1306 capillis,

113 1312 233 1372 Accidere
248 1311 379 1362 inmensas
395 1322 423 1361 ut
439 1311 494 1362 rosa
510 1311 574 1362 naua
590 1313 662 1365 solet·
797 1317 850 1383 360

75 1385 174 1436 Lumina
190 1384 327 1444 restabant,
349 1400 452 1452 quorum
468 1401 508 1436 rne
525 1386 595 1436 causa
609 1387 722 1448 latebat,

113 1457 176 1509 Citnt
191 1459 227 1509 sic
241 1474 336 1508 errores
352 1457 446 1508 abstulit
462 1457 505 1508 illa
520 1473 599 1511 meos.

74 1532 124 1582 Vel
141 1532 195 1598 quia
211 1531 337 1599 purpureis
351 1532 476 1581 collucent
486 1530 586 1583 floribus
600 1531 670 1600 agri,

108 1605 212 1654 Lumina
226 1605 279 1655 sunt
291 1603 384 1654 nostros
399 1604 448 1654 visa
466 1604 555 1654 decere
570 1605 644 1657 diest

73 1679 124 1730 Vel
135 1679 188 1744 quia
199 1692 245 1726 nec
255 1675 301 1726 ilos
315 1675 347 1726 est
357 1676 440 1726 hebeti
452 1708 460 1734 ‚
473 1693 520 1726 nec
529 1676 644 1737 flamma,
661 1679 745 1730 colore
759 1698 766 1739 ς
795 1682 828 1747 36
834 1697 846 1744 5

111 1750 294 1822 Atqueuoculos
312 1749 336 1798 in
353 1748 377 1798 se
394 1748 507 1814 splendor
517 1760 621 1816 uterque
637 1752 730 1803 trabit:

72 1825 123 1879 Vel
140 1824 197 1893 quia
211 1821 303 1875 deliciis
321 1821 436 1873 nosturna
453 1821 551 1875 licentia
566 1821 653 1876 nostris

111 1897 236 1949 Convenit
251 1913 258 1949 ε
270 1914 284 1947 a
299 1912 360 1947 vero
373 1896 444 1947 tertia
459 1896 621 1948 causaverit.

72 1971 111 2022 Est
128 1973 204 2023 breve
220 1983 357 2039 praeterea,
376 1969 406 2020 de
421 1986 469 2037 quo
484 1969 543 2020 mihi
559 1986 669 2037 querere
682 1971 776 2032 renat,

111 2045 136 2095 si
152 2046 247 2104 liceat,
261 2044 318 2095 dixi.
332 2044 405 2095 Dixit
421 2044 447 2094 br
461 2044 522 2104 illa,
540 2042 620 2095 Licet.
795 2061 847 2112 370

74 2117 126 2169 Cur
140 2119 185 2170 tibi
200 2134 246 2185 pro
263 2117 360 2185 Libycis
374 2116 517 2167 claudantur
530 2130 584 2168 rete
601 2116 685 2169 leaenis

109 2192 222 2243 imbelles
238 2208 350 2257 capreae,
368 2190 526 2257 solicitusq'ue
542 2192 623 2257 lepus.

72 2266 130 2316 Non
146 2266 210 2323 sibi,
231 2263 372 2331 respondit,
389 2262 462 2313 silvas
478 2262 596 2320 cessiffes
612 2264 652 2314 sed
669 2264 774 2324 hortos,

108 2338 224 2404 Arvaque
238 2337 340 2405 pugnaci
356 2352 406 2385 non
420 2335 529 2385 adeunda
543 2337 612 2387 serae.

72 2410 163 2462 Ontnia
179 2410 274 2461 linierat
287 2426 295 2461 :
309 2420 396 2459 tenues
410 2408 512 2459 secessit
527 2409 551 2458 in
568 2425 647 2459 auras.
793 2422 826 2477 37
831 2426 844 2475 5

108 2483 203 2533 Mansit
218 2483 280 2534 odor
292 2499 300 2534 t
312 2481 391 2549 polles
408 2483 468 2533 scire
481 2481 549 2533 luisse
565 2483 655 2535 Deam.

70 2558 173 2609 floreat
187 2568 216 2606 ut
231 2566 287 2607 toto
302 2572 398 2606 carmen
414 2554 518 2605 Nasonis
533 2557 559 2606 in
574 2572 649 2615 evo,

110 2631 222 2697 Sparge,
239 2644 348 2695 precor,
367 2627 435 2678 donis
451 2627 549 2693 pedion
565 2629 643 2680 nostra
658 2625 717 2679 tuis.

70 2702 216 2755 NOCTE
231 2704 308 2753 minus
321 2701 405 2768 quarti
418 2712 515 2767 promet
530 2700 570 2752 nn
583 2703 663 2753 sidera
679 2700 773 2753 Chiron

110 2776 233 2833 Semivir,
253 2775 279 2827 δε
295 2774 351 2825 flavi
366 2788 469 2839 corpore
484 2774 572 2827 mixtus
586 2776 652 2843 equi.
789 2775 843 2843 380
935 2839 938 2845 Ι

71 2850 158 2902 Pelion
172 2848 306 2901 Hemoniae
322 2862 392 2897 mons
407 2846 440 2897 erl
454 2848 569 2900 obversus
583 2850 607 2898 in
622 2844 742 2899 Austrost
814 2858 820 2867 “

110 2923 207 2977 Summa
220 2925 300 2977 vitent
314 2922 395 2989 pinis,
411 2932 493 2974 cetera
508 2938 611 2987 quercus
626 2922 710 3044 babel?
719 2991 736 3005 ..

717 3010 736 3060 ¹l
