1975 3700
200 225 253 300 74
300 205 344 274 Ρ.
373 203 566 276 Ονιυιι
592 207 826 280 ΝΑεοΝιε

138 350 171 398 45
178 349 189 399 5
203 330 303 394 Jamque
320 325 456 394 indignanti
470 342 534 377 nova
550 326 617 376 srena
630 341 761 393 receperat
774 347 841 393 ore,

237 402 300 452 Cum
314 401 377 451 levis
392 400 483 452 Aonias
501 401 591 467 ungula
604 399 668 450 fodit
683 419 766 468 aquas.

200 478 272 528 Nunc
287 474 375 526 fruitur
390 476 474 533 coelo,
493 474 559 540 quod
572 474 660 540 pennis
674 488 731 525 ante
745 477 869 543 petebat3

236 549 267 598 Et
282 548 372 599 nitidus
388 548 460 600 stellis
475 548 580 614 quinque
593 548 727 615 decemque
743 551 826 601 micat.

200 622 413 685 PROJINUS
428 622 528 687 aspicies
542 621 652 671 venienti
666 623 737 672 nosle
753 624 881 675 Coronam

137 701 190 765 460
239 695 368 748 Gnosida:
382 694 481 746 Theseo
496 695 596 744 crimine
610 695 672 744 sasia
686 697 743 746 Dea
759 697 803 747 esi.

199 771 252 824 Jam
267 771 330 820 bene
345 768 444 836 perjuro
458 767 561 819 mutiret
578 767 683 836 conjuge
698 770 842 832 bacchum,

208 841 299 908 “Quae
315 843 383 894 dedit
397 844 493 912 ingrato
506 841 546 892 fila
560 843 664 909 legenda
679 843 742 894 viro.

198 918 271 969 Sorte
285 917 334 967 tori
350 919 475 985 gaudens,
492 913 560 980 Quid
574 915 660 966 flebam
675 918 778 979 rustica,
797 919 877 980 dixit,

235 991 338 1042 Utiliter
354 991 422 1042 nobis
439 988 545 1058 perfidus
561 989 602 1040 ille
618 989 674 1040 suit.

137 1066 301 1133 4⁶511¹terea
317 1064 409 1124 Liber,
429 1065 537 1130 depexos
553 1063 656 1121 crinibus
674 1063 749 1115 lndos

234 1137 339 1197 Vincit,
360 1139 386 1189 δι
401 1138 457 1190 Εοο
472 1137 540 1186 dives
556 1139 587 1188 ab
601 1139 661 1189 orbe
678 1139 755 1188 venit.

199 1214 267 1264 Inter
281 1213 389 1278 captivas
406 1211 468 1260 facie
484 1209 612 1276 praestante
627 1213 721 1277 puellas

106 1279 108 1282 ⁵
236 1285 314 1337 Grata
330 1284 397 1335 nimis
415 1283 512 1342 Baccho
528 1282 576 1334 filia
592 1285 656 1352 regis
671 1297 732 1334 erat.

197 1359 283 1410 Flebat
298 1374 379 1408 amans
393 1356 502 1424 conjux,
520 1357 667 1424 spatiataque
681 1359 754 1408 litore
770 1375 867 1420 curvo,

135 1450 189 1499 470
238 1431 320 1481 Edidit
334 1431 431 1482 incultis
446 1433 504 1481 talia
518 1432 592 1481 verba
608 1431 693 1482 cornis.
716 1458 720 1464 ·

198 1506 235 1557 En
251 1507 339 1568 iterum
353 1505 462 1564 similes,
479 1504 583 1564 numu,
601 1505 682 1556 audite
697 1505 808 1571 querelas
820 1521 829 1564 3

234 1579 270 1628 En
287 1579 374 1628 iterum
390 1580 506 1647 lacrymas
522 1577 626 1643 accipe,
643 1595 736 1636 arena,
753 1596 829 1628 meas.

198 1653 336 1711 Dicebam,
355 1653 470 1712 memini,
489 1650 591 1716 Periure
609 1653 634 1702 δι
647 1650 738 1717 perfide
753 1652 875 1702 Theseu!

235 1727 279 1776 llle
293 1726 369 1777 abiit:
383 1726 468 1776 eadem
483 1725 582 1776 crimina
594 1724 704 1776 Bacchus
717 1726 801 1775 habet.

135 1817 186 1868 475
200 1802 271 1853 Nunc
287 1815 383 1867 quoque
399 1801 463 1851 nulla
476 1799 550 1859 viro,
568 1799 697 1861 clamabo,
715 1798 804 1848 semina
817 1801 922 1855 credat.

234 1874 340 1926 Nomine
354 1886 449 1925 mutato
465 1873 535 1923 causa
550 1874 627 1923 relata
641 1873 755 1935 meaest.

198 1948 224 2000 Ο
238 1947 244 1997 !
258 1947 348 1997 utinam
358 1965 411 1997 mea
423 1946 492 2003 sors,
507 1949 554 2013 qui
563 1945 665 2013 primum
676 1958 801 2013 «eperat,
818 1946 874 1999 isset
886 1947 896 1998 l

235 2020 335 2088 Jamque
352 2038 399 2089 ego
416 2020 527 2085 praesenti
541 2033 653 2087 tempore
668 2020 732 2071 nulla
746 2020 835 2073 sorem.

200 2094 267 2159 Quid
283 2112 321 2145 me
340 2094 440 2145 desertis
456 2095 605 2159 perituram,
623 2094 712 2153 Liber,
729 2092 810 2146 arenis

136 2169 190 2232 480
239 2166 379 2219 Servabasi
398 2168 467 2233 potui
484 2166 615 2217 dedoluisse
630 2167 713 2218 semel.

198 2242 294 2293 Bacche
306 2241 381 2300 levis,
392 2242 519 2307 leviorque
532 2241 595 2299 tuis,
607 2258 661 2308 quae
671 2253 783 2307 tempora
794 2240 922 2310 cingunt,

236 2316 391 2373 Frondibus;
409 2316 432 2365 in
447 2314 564 2381 lacrymas
580 2315 679 2381 cognite
694 2316 790 2365 Bacche
806 2332 901 2377 meas;

199 2390 282 2449 Ausus,
290 2404 318 2439 es
330 2421 338 2447 ‚
354 2401 411 2437 ante
425 2388 512 2437 oculos
525 2387 625 2439 addusli
638 2389 727 2454 pellice
742 2388 836 2439 nostros
849 2424 859 2449 ,

168 2486 175 2501 ·
236 2463 298 2515 Tam
313 2464 376 2512 bene
391 2462 551 2527 compositum
565 2462 686 2512 solicitare
699 2460 801 2513 toturn?

137 2537 171 2601 48
177 2553 189 2603 5
203 2536 279 2587 Heu!
293 2536 333 2585 ubi
348 2534 416 2601 pasta
431 2532 513 2585 sides?
529 2535 589 2594 ubi,
605 2552 660 2603 quae
672 2533 754 2601 jurare
769 2536 890 2589 solebas?

236 2608 281 2659 Me
296 2610 403 2661 miseram
418 2608 423 2659 Ι
438 2608 535 2675 quoties
549 2610 601 2661 hec
614 2624 662 2677 ego
676 2611 751 2659 verba
765 2610 856 2676 loquor
870 2611 879 2662 l

200 2682 296 2734 Thesea
312 2684 444 2750 culpabas,
462 2684 622 2749 fallacemque
638 2682 688 2751 ipse
705 2685 812 2734 vocabas
821 2700 831 2743 3

239 2756 335 2809 Judicio
351 2773 438 2824 peccas
453 2756 547 2823 turpius
563 2756 613 2821 ipse
628 2768 683 2807 tuo.

202 2832 241 2883 Ne
257 2830 314 2881 sciat
327 2832 376 2881 hoc
392 2831 516 2897 quisquam
528 2862 536 2888 ,
547 2830 682 2895 ¹tacitisque
698 2830 821 2883 doloribus
837 2848 925 2895 urar3

139 2919 193 2969 490
240 2905 281 2957 Ne
296 2905 371 2958 toties
388 2904 438 2957 falli
453 2904 524 2972 digna
541 2901 608 2954 suisle
623 2915 705 2971 puter.
