1975 3700
169 193 465 264 Frsroaun
491 193 596 264 Lra.
620 196 706 266 III.
758 217 806 293 73

98 311 197 363 Caesaris
211 313 360 372 innumeris,
381 329 451 380 quem
467 312 553 362 maluit
567 313 609 361 iiie
623 312 731 373 mereri,
744 335 751 344 ·

134 385 247 436 Accessit
263 389 340 437 titulis
357 385 506 437 Pontificaiis
519 388 609 436 honos·
818 403 873 450 420

98 459 194 526 Ignibus
211 461 309 510 eternis
325 461 409 510 aeterni
424 462 521 510 numina
538 459 643 525 praesunt

135 531 234 582 Caesaris
247 549 255 585 t
269 534 363 600 imperii
377 535 479 601 pignora
494 532 576 600 junsia
592 533 670 583 vides,

97 605 139 656 De
155 609 246 657 veteris
263 606 348 671 Trojae
366 607 504 676 dignissima
519 607 600 676 praeda
617 607 717 667 sarilii,

134 679 190 744 Qud
207 681 285 749 gravis
300 679 390 732 AEneas
407 693 473 731 tutus
488 683 518 730 ab
531 680 598 730 hoste
613 680 679 740 suit,

96 752 175 804 Ortus
192 756 221 803 ab
234 751 313 804 AEnei
329 755 406 824 tangit
422 767 525 822 cognata
541 754 653 804 sacerdos
817 771 851 818 42
857 771 870 819 5

133 827 259 885 Numina;
279 840 426 895 cognatum,
444 827 537 884 Vesta,
554 837 626 877 tuere
642 840 725 895 caput.

96 897 171 966 Quos
186 899 263 950 sensti
275 901 344 950 soret
359 901 399 950 ilie
413 917 502 959 mann,
518 900 581 949 bene
598 901 679 950 vivitis
696 903 773 969 ignes.

134 973 220 1024 Vivite
238 973 388 1033 inexstinsii,
404 973 549 1039 fiammaque
565 973 689 1040 Duxque,
707 993 805 1039 precor.

94 1046 180 1098 UNA
198 1060 257 1098 nota
268 1047 301 1097 est
315 1045 408 1106 Marti,
427 1047 506 1098 Nonis
521 1047 610 1096 sacrata
622 1048 686 1114 quod
702 1049 748 1099 illis

133 1120 235 1186 Templa
248 1133 350 1188 putant,
367 1122 436 1172 lucos
446 1119 552 1185 Vejovis
565 1132 622 1170 ante
636 1121 707 1172 duos.
817 1137 871 1188 430

94 1193 213 1245 Romulus
229 1207 257 1244 ut
270 1195 326 1245 saxo
340 1195 421 1245 lucum
436 1194 595 1244 circumdedit
608 1196 678 1254 alt0;
695 1203 699 1210 '

132 1267 258 1328 Cuilibet,
279 1265 355 1327 Huc,
374 1269 471 1336 inquit,
491 1267 618 1336 confrige3
636 1279 704 1319 tutus
720 1268 779 1321 eris.

94 1340 120 1394 O
135 1341 140 1389 !
156 1343 224 1409 qrdm
240 1341 271 1392 de
285 1342 354 1392 tenui
368 1341 491 1393 Romanus
506 1343 603 1409 origine
619 1343 716 1392 crevit!

130 1414 212 1464 Turba
225 1427 297 1465 vetus
311 1419 381 1484 qu'am
395 1433 445 1466 nnn
460 1415 575 1465 invidiosa
591 1415 656 1464 fuit!

92 1490 133 1538 Ne
150 1501 231 1539 tannen
248 1490 333 1556 ignaro
348 1489 444 1539 novitas
460 1489 504 1539 tibi
520 1489 624 1538 nominis
640 1488 738 1549 obstet,
813 1504 866 1556 435

128 1562 203 1628 Disce
219 1562 270 1628 quis
284 1561 325 1612 iste
341 1563 413 1612 Deus
425 1596 433 1621 ‚
451 1577 526 1612 curve
540 1575 645 1613 vocetur
659 1564 703 1615 ita.

90 1635 105 1688 J
109 1636 206 1702 uppiter
222 1635 256 1684 est
270 1633 366 1699 juvenis
378 1651 386 1686 t
398 1634 519 1702 juveniles
532 1636 613 1702 aspice
629 1638 721 1686 rubus.

129 1708 218 1774 Aspice
233 1707 322 1758 deinde
336 1723 431 1758 manum
445 1725 452 1767 3
469 1709 568 1758 fulmina
582 1709 647 1758 nulla
661 1721 740 1758 tenet.

89 1782 220 1841 Fulmina,
238 1774 291 1847 post
305 1781 374 1832 ausos
390 1782 478 1834 coelum
492 1780 602 1832 adestare
620 1781 761 1851 Gigantas,

127 1857 210 1907 Sumta
224 1854 238 1908 J
241 1858 280 1905 ovi
293 1871 300 1907 ε
312 1858 390 1923 prime
405 1870 534 1924 tempore,
551 1856 647 1906 inermis
664 1868 726 1907 erat.
811 1873 865 1919 440

88 1932 188 2000 Ignibus
203 1928 261 1982 offa
276 1932 363 1989 novis,
383 1932 409 1983 δι
425 1930 511 1981 Pelion
525 1932 599 1980 altior
611 1930 665 1981 ossi

126 2005 212 2064 Arsit,
232 2005 258 2055 ἃ
272 2004 297 2053 in
311 2004 386 2055 solida
400 2003 462 2056 fixus
478 2004 600 2072 Olympus
616 2005 700 2054 burno.
736 2028 739 2033 ·

88 2079 141 2129 Stat
156 2094 254 2145 quoque
269 2077 346 2143 Capra
361 2079 430 2128 simul
443 2079 582 2145 :Nymphae
597 2078 685 2144 pavisse
699 2079 809 2129 seruntur

126 2152 260 2201 Cretides:
279 2152 364 2201 insanti
378 2153 415 2200 lac
431 2151 500 2201 dedit
515 2152 556 2201 iila
572 2148 638 2203 Jovi.

86 2226 160 2275 Nunc
175 2240 254 2275 vocor
268 2224 298 2273 ad
313 2240 411 2275 nomen.
429 2225 570 2292 vegrandia
586 2225 648 2273 sarra
662 2226 776 2285 coionae,
809 2242 860 2289 445
916 2226 920 2234 ’

124 2298 188 2363 Quae
203 2295 265 2346 maie
278 2309 425 2357 creverunt,
443 2298 562 2365 vescaque
577 2314 651 2362 parva
665 2310 764 2348 vocant.

86 2372 134 2425 Vis
147 2389 178 2421 ea
192 2370 213 2420 si
226 2370 297 2420 verbi
311 2369 363 2429 est,
381 2385 425 2421 cur
441 2388 490 2421 non
507 2388 554 2438 ego
569 2370 675 2436 Vejovis
691 2373 789 2429 aedem,

124 2441 213 2494 AEdem
229 2458 278 2493 non
293 2445 371 2512 magni
385 2444 488 2511 suspicer
506 2444 553 2494 esse
569 2442 662 2496 Jovisi

84 2517 208 2583 Jamque,
225 2517 265 2567 ubi
279 2518 408 2569 ceruleum
421 2518 545 2568 vallabunt
558 2519 636 2568 sidera
652 2521 760 2580 coeium,

124 2590 244 2655 Suspice3
263 2586 393 2657 Gorgonei
408 2592 470 2641 coila
484 2591 579 2641 videbis
595 2592 660 2658 equi.
808 2608 862 2657 450

86 2664 205 2714 Creditur
221 2660 260 2711 hic
277 2664 346 2715 caesae,
361 2664 459 2731 gravidi
474 2665 572 2715 cervice
587 2666 699 2717 Medusae

122 2736 245 2803 Sanguine
261 2736 376 2801 respersis
393 2736 527 2803 prosiluisse
541 2737 613 2805 jubis.

81 2811 149 2863 Huic
165 2810 232 2875 supra
245 2812 339 2868 nubes,
359 2811 481 2863 &subter
497 2813 595 2871 sidera,
613 2814 678 2878 lapsu

120 2884 216 2935 Coelum
230 2900 275 2948 pro
290 2885 374 2944 terri,
391 2902 436 2953 pro
448 2887 511 2955 pede
528 2904 628 2955 penna,
644 2888 699 2937 suit.

155 2956 240 3009 Tomis
258 2954 295 3008 II
301 2958 323 3013 I,
729 2959 755 3010 D
