1975 3700
135 239 443 308 fast-onum
469 239 581 310 tra.
610 243 652 309 V.
707 259 779 331 117

70 356 185 408 Vovetat
195 359 235 406 itta
247 357 342 424 quidem
354 357 457 408 Cutius:
470 357 512 408 sed
523 359 596 408 multa
607 357 710 410 vetustas

109 431 234 489 Destruit,
249 432 275 481 ὅ(
286 431 342 480 saxo
353 433 426 498 longa
437 431 531 480 senecta
541 441 627 482 nocet.

68 503 151 558 ,Causa
164 517 245 554 tamen
260 505 332 568 positi
345 504 424 556 suerat
439 505 587 570 cognominis
601 504 648 556 illis
656 531 670 562 ,1

110 575 186 640 Quod
200 576 309 642 praestant
321 579 403 628 oculis
421 578 501 628 omnia
514 589 567 627 tuta
583 577 639 629 suis.
678 592 679 595 ’

71 649 144 699 Stant
155 667 250 715 quoque
261 667 306 716 pro
316 650 401 707 nobis,
415 651 440 700 dt
448 650 552 715 praesunt
559 652 679 702 moenibus
687 649 777 708 Urbis,
793 663 841 714 135

109 722 140 787 Fu
154 723 206 772 sunt
217 723 364 787 praesentes,
379 723 541 788 auxiliumque
554 724 645 776 senuit.
667 718 673 728 ⁸

71 795 108 846 At
120 796 184 850 canis
194 810 249 844 ante
260 797 352 862 pedes}
361 796 420 846 saxo
430 796 559 846 fabricatus
570 797 672 855 eodem,

111 869 215 919 Stabat:
234 887 287 934 quae
306 868 379 918 standi
396 885 450 918 cum
466 868 527 918 Lare
546 870 615 918 causa
632 868 700 922 suit?

72 941 161 992 Servat
170 954 272 1008 uterque
284 941 397 999 domum,
415 941 513 992 domino
525 958 622 1008 quoque
631 942 694 994 fidus
705 954 824 1008 uterque:

112 1013 225 1079 Compita
242 1027 308 1081 grata
321 1015 398 1074 Deo,
416 1014 521 1080 compita
537 1027 604 1082 grata
619 1017 683 1064 cani.
794 1028 844 1074 140

72 1089 204 1154 Exagirant
215 1089 240 1138 ὅ(
251 1088 314 1146 Lar,
330 1089 356 1140 &
366 1089 434 1138 turba
445 1087 549 1146 Diania,
562 1088 627 1138 sures
639 1105 648 1146 ς

114 1159 307 1228 Pervigilantque
322 1161 413 1220 Lares,
431 1160 625 1228 pervigilantque
639 1177 722 1213 canes.

75 1235 135 1292 Bina
151 1235 308 1300 gemellorum
324 1236 459 1300 quaerebam
471 1235 540 1302 signa
552 1235 664 1286 Deorum
709 1301 712 1305 Δ

114 1307 213 1358 Viribus
228 1308 323 1358 annosae
338 1307 397 1360 satta
414 1307 504 1357 caduca
519 1324 613 1366 motaet

76 1379 150 1436 Mille
162 1381 235 1432 Lares
246 1415 253 1439 ‚
270 1381 422 1448 Geniumque
434 1381 513 1430 Ducis
523 1375 537 1440 ,’
548 1380 589 1447 qui
599 1380 697 1430 tradidit
707 1379 780 1437 illos,
798 1391 845 1440 145

114 1454 178 1504 Urbs
191 1455 283 1512 habet;
301 1455 326 1504 &
345 1454 392 1504 vici
410 1455 507 1504 numina
523 1455 585 1504 trina
600 1456 693 1504 colunt.

78 1523 137 1595 Qud
151 1526 216 1578 seror
227 1525 237 1576 i
253 1525 371 1594 Augustus
383 1527 472 1576 mensis
483 1526 539 1576 mihi
550 1527 659 1578 carminis
669 1524 741 1591 hujus

116 1599 129 1650 J
131 1617 158 1649 us
173 1600 238 1651 dabit
248 1601 361 1660 :interea
372 1600 435 1648 Diva
446 1601 553 1648 canenda
566 1599 633 1648 Bona
643 1599 686 1651 est.

78 1673 119 1723 Esl
129 1674 206 1722 moles
218 1674 296 1725 nativa
308 1689 315 1721 :
329 1674 386 1722 loco
397 1689 435 1722 res
447 1673 543 1728 nomina
553 1673 621 1723 fecit.

116 1743 248 1810 Appellant
261 1747 340 1794 saxum
352 1761 359 1795 ι
375 1762 428 1810 pars
439 1746 503 1794 bona
514 1745 603 1794 montis
615 1762 644 1793 ea
654 1743 698 1794 est.
797 1757 850 1804 ¹150

78 1819 144 1884 Huic
157 1818 246 1869 Remus
263 1817 377 1869 institerat
392 1817 491 1876 frusta,
505 1834 555 1883 quo
567 1830 678 1885 tempore
694 1814 763 1867 fratri

118 1892 195 1942 Prima
209 1892 321 1943 Palatinae
335 1892 403 1959 signa
418 1890 511 1941 dedistis
527 1908 595 1942 aves.

80 1967 185 2032 Templa
201 1965 283 2016 Patres
299 1965 367 2023 illic,
386 1966 470 2016 oculos
489 1965 562 2015 exosa
576 1965 678 2026 viriles,

118 2040 217 2089 Leniter
231 2038 316 2089 acclivi
331 2038 475 2089 constituere
492 2038 561 2105 jugo.

80 2112 187 2163 Dedicat
198 2114 249 2163 haec
259 2113 350 2163 veteris
361 2111 502 2163 Clausorum
512 2112 615 2162 nominis
625 2112 696 2161 heres
706 2141 715 2170 ,
802 2123 831 2171 ις
839 2124 850 2169 5

118 2187 236 2253 Virgineo
254 2188 344 2236 nullum
361 2201 465 2249 corpore
481 2184 544 2249 passa
558 2185 645 2234 virum.

82 2259 150 2309 Livia
164 2258 285 2317 restituit5
302 2276 333 2307 ne
347 2274 395 2307 non
410 2258 501 2307 imitata
513 2256 624 2321 maritum

119 2330 202 2391 Esset,
218 2332 243 2381 dt
258 2332 366 2383 exomni
379 2340 447 2397 patte
460 2329 542 2381 secuta
554 2330 640 2379 virum.

82 2403 275 2460 POSTERA
292 2402 345 2453 cuim
360 2404 451 2455 roseam
464 2436 471 2461 ,
484 2403 559 2468 pulsis
573 2397 722 2470 Hyperionis
735 2398 818 2456 astris,

121 2476 149 2525 in
163 2476 282 2527 matutinis
297 2477 403 2541 lampada
418 2477 483 2526 tollit
495 2477 584 2541 equis3
806 2471 856 2521 160

84 2549 194 2615 Frigidus
211 2548 324 2616 Argestes
337 2551 436 2599 summas
449 2549 563 2598 mulcebit
575 2548 673 2606 aristas,

123 2622 277 2687 Candidaque
295 2640 307 2670 a
323 2622 432 2673 Calabris
445 2622 501 2671 vela
514 2621 632 2672 dabuntur
646 2619 723 2686 aquis.

85 2695 120 2745 At
137 2696 206 2744 simul
223 2696 339 2745 inducunt
355 2694 454 2743 obscura
473 2697 611 2758 crepuscula
628 2695 740 2752 nostem,

122 2767 180 2817 Pars
201 2768 314 2835 Hyadum
330 2780 386 2817 toto
404 2767 434 2815 de
453 2784 528 2834 grege
546 2770 611 2819 nulla
628 2770 696 2817 latet.

85 2840 139 2913 Ora
155 2842 244 2891 micant
257 2840 331 2891 Tauri
345 2841 436 2906 septem
450 2840 564 2891 radiantia
578 2842 697 2896 flammis,
809 2835 855 2896 165

121 2914 210 2965 Navita
225 2931 283 2983 quas
300 2914 399 2983 Hyadas
415 2914 506 2983 Graius
520 2916 551 2965 ab
567 2915 643 2965 imbre
657 2922 741 2963 vocat.
