<?xml version="1.0" encoding="UTF-8"?>
<!DOCTYPE html PUBLIC "-//W3C//DTD XHTML 1.0 Transitional//EN"
    "http://www.w3.org/TR/xhtml1/DTD/xhtml1-transitional.dtd">
<html xmlns="http://www.w3.org/1999/xhtml" xml:lang="en" lang="en">
 <head>
  <title>
</title>
<meta http-equiv="Content-Type" content="text/html;charset=utf-8" />
  <meta name='ocr-system' content='tesseract 3.04.00' />
  <meta name='ocr-capabilities' content='ocr_page ocr_carea ocr_par ocr_line ocrx_word'/>
</head>
<body>
  <div class='ocr_page' id='page_1' title='image "./povidiinasoniso00unkngoog_0144.png"; bbox 0 0 1975 3700; ppageno 0'>
   <div class='ocr_carea' id='block_1_1' title="bbox 116 224 777 321">
    <p class='ocr_par' dir='ltr' id='par_1_1' title="bbox 116 224 777 321">
     <span class='ocr_line' id='line_1_1' title="bbox 116 224 777 321; baseline 0.009 -28"><span class='ocrx_word' id='word_1_1' title='bbox 116 224 434 313; x_wconf 53' lang='lat' dir='ltr'>{Fennorum</span> <span class='ocrx_word' id='word_1_2' title='bbox 461 230 571 297; x_wconf 81' lang='lat' dir='ltr'>Lrn.</span> <span class='ocrx_word' id='word_1_3' title='bbox 599 231 669 299; x_wconf 87' lang='lat' dir='ltr'>Vl.</span> <span class='ocrx_word' id='word_1_4' title='bbox 708 249 777 321; x_wconf 77' lang='lat'>141</span> 
     </span>
    </p>
   </div>
   <div class='ocr_carea' id='block_1_2' title="bbox 8 344 883 2822">
    <p class='ocr_par' dir='ltr' id='par_1_2' title="bbox 8 344 883 2822">
     <span class='ocr_line' id='line_1_2' title="bbox 68 344 679 415; baseline 0.01 -21"><span class='ocrx_word' id='word_1_5' title='bbox 68 344 137 397; x_wconf 81' lang='lat' dir='ltr'>festa</span> <span class='ocrx_word' id='word_1_6' title='bbox 155 346 288 406; x_wconf 71' lang='lat' dir='ltr'>uterinis,</span> <span class='ocrx_word' id='word_1_7' title='bbox 310 348 351 415; x_wconf 91' lang='lat' dir='ltr'>qui</span> <span class='ocrx_word' id='word_1_8' title='bbox 369 348 416 398; x_wconf 85' lang='lat' dir='ltr'>lina</span> <span class='ocrx_word' id='word_1_9' title='bbox 433 349 553 399; x_wconf 82' lang='lat' dir='ltr'>madentia</span> <span class='ocrx_word' id='word_1_10' title='bbox 569 349 679 409; x_wconf 88' lang='lat' dir='ltr'>ducunt,</span> 
     </span>
     <span class='ocr_line' id='line_1_3' title="bbox 107 418 883 487; baseline 0.006 -20"><span class='ocrx_word' id='word_1_11' title='bbox 107 418 205 485; x_wconf 86' lang='lat' dir='ltr'>Quique</span> <span class='ocrx_word' id='word_1_12' title='bbox 221 432 307 487; x_wconf 86' lang='lat' dir='ltr'>tegunt</span> <span class='ocrx_word' id='word_1_13' title='bbox 325 422 404 487; x_wconf 86' lang='lat' dir='ltr'>parvis</span> <span class='ocrx_word' id='word_1_14' title='bbox 423 438 471 471; x_wconf 82' lang='lat' dir='ltr'>aera</span> <span class='ocrx_word' id='word_1_15' title='bbox 489 438 591 473; x_wconf 78' lang='lat' dir='ltr'>recurva</span> <span class='ocrx_word' id='word_1_16' title='bbox 610 423 678 472; x_wconf 85' lang='lat' dir='ltr'>cibis.</span> <span class='ocrx_word' id='word_1_17' title='bbox 789 438 842 483; x_wconf 89' lang='lat'>240</span> <span class='ocrx_word' id='word_1_18' title='bbox 878 420 883 427; x_wconf 75' lang='grc'><strong><em>’</em></strong></span> 
     </span>
     <span class='ocr_line' id='line_1_4' title="bbox 68 490 808 559; baseline 0.007 -19"><span class='ocrx_word' id='word_1_19' title='bbox 68 490 98 540; x_wconf 83' lang='grc' dir='ltr'>Μ</span> <span class='ocrx_word' id='word_1_20' title='bbox 107 492 179 541; x_wconf 86' lang='lat' dir='ltr'>ENS</span> <span class='ocrx_word' id='word_1_21' title='bbox 193 509 289 559; x_wconf 88' lang='lat' dir='ltr'>quoque</span> <span class='ocrx_word' id='word_1_22' title='bbox 300 511 388 544; x_wconf 87' lang='lat' dir='ltr'>numen</span> <span class='ocrx_word' id='word_1_23' title='bbox 400 496 481 545; x_wconf 84' lang='lat' dir='ltr'>habet.</span> <span class='ocrx_word' id='word_1_24' title='bbox 496 494 579 544; x_wconf 89' lang='lat' dir='ltr'><strong>Menti</strong></span> <span class='ocrx_word' id='word_1_25' title='bbox 590 495 689 545; x_wconf 78' lang='lat' dir='ltr'>delubra</span> <span class='ocrx_word' id='word_1_26' title='bbox 699 495 808 545; x_wconf 86' lang='lat' dir='ltr'>ridemus</span> 
     </span>
     <span class='ocr_line' id='line_1_5' title="bbox 8 565 633 633; baseline 0.008 -21"><span class='ocrx_word' id='word_1_27' title='bbox 8 570 9 595; x_wconf 75' lang='lat'>³</span> <span class='ocrx_word' id='word_1_28' title='bbox 107 565 175 614; x_wconf 82' lang='lat' dir='ltr'>Vota</span> <span class='ocrx_word' id='word_1_29' title='bbox 191 578 257 615; x_wconf 89' lang='lat' dir='ltr'>metu</span> <span class='ocrx_word' id='word_1_30' title='bbox 274 567 353 625; x_wconf 90' lang='lat' dir='ltr'>belli,</span> <span class='ocrx_word' id='word_1_31' title='bbox 370 566 462 633; x_wconf 86' lang='lat' dir='ltr'>perfide</span> <span class='ocrx_word' id='word_1_32' title='bbox 477 566 571 625; x_wconf 86' lang='lat' dir='ltr'>Poene,</span> <span class='ocrx_word' id='word_1_33' title='bbox 588 568 633 619; x_wconf 87' lang='lat' dir='ltr'>tui.</span> 
     </span>
     <span class='ocr_line' id='line_1_6' title="bbox 68 635 670 695; baseline 0.013 -10"><span class='ocrx_word' id='word_1_34' title='bbox 68 635 164 695; x_wconf 87' lang='lat' dir='ltr'>Poene,</span> <span class='ocrx_word' id='word_1_35' title='bbox 183 640 312 689; x_wconf 75' lang='lat' dir='ltr'>rebellatae</span> <span class='ocrx_word' id='word_1_36' title='bbox 325 655 332 691; x_wconf 73' lang='grc' dir='ltr'>ι</span> <span class='ocrx_word' id='word_1_37' title='bbox 346 640 438 691; x_wconf 85' lang='lat' dir='ltr'>&amp;leto</span> <span class='ocrx_word' id='word_1_38' title='bbox 458 640 569 691; x_wconf 83' lang='lat' dir='ltr'><strong>Consulis</strong></span> <span class='ocrx_word' id='word_1_39' title='bbox 587 657 670 693; x_wconf 80' lang='lat' dir='ltr'>omnes</span> 
     </span>
     <span class='ocr_line' id='line_1_7' title="bbox 106 708 599 779; baseline 0.006 -20"><span class='ocrx_word' id='word_1_40' title='bbox 106 708 212 761; x_wconf 80' lang='lat' dir='ltr'>Attoniti</span> <span class='ocrx_word' id='word_1_41' title='bbox 227 712 325 763; x_wconf 86' lang='lat' dir='ltr'>Mauras</span> <span class='ocrx_word' id='word_1_42' title='bbox 342 714 489 779; x_wconf 85' lang='lat' dir='ltr'>pertimuere</span> <span class='ocrx_word' id='word_1_43' title='bbox 507 730 599 763; x_wconf 76' lang='lat' dir='ltr'>manus.</span> 
     </span>
     <span class='ocr_line' id='line_1_8' title="bbox 68 783 840 851; baseline 0.01 -21"><span class='ocrx_word' id='word_1_44' title='bbox 68 783 143 847; x_wconf 86' lang='lat' dir='ltr'>Spem</span> <span class='ocrx_word' id='word_1_45' title='bbox 160 795 237 834; x_wconf 85' lang='lat' dir='ltr'>metus</span> <span class='ocrx_word' id='word_1_46' title='bbox 256 788 402 851; x_wconf 77' lang='lat' dir='ltr'>expulerat,</span> <span class='ocrx_word' id='word_1_47' title='bbox 423 784 477 835; x_wconf 83' lang='lat' dir='ltr'>cirm</span> <span class='ocrx_word' id='word_1_48' title='bbox 493 786 575 835; x_wconf 81' lang='lat' dir='ltr'>Menti</span> <span class='ocrx_word' id='word_1_49' title='bbox 589 798 648 836; x_wconf 86' lang='lat' dir='ltr'>vota</span> <span class='ocrx_word' id='word_1_50' title='bbox 666 787 770 837; x_wconf 79' lang='lat' dir='ltr'>senatus</span> <span class='ocrx_word' id='word_1_51' title='bbox 791 801 840 850; x_wconf 78' lang='lat'>245</span> 
     </span>
     <span class='ocr_line' id='line_1_9' title="bbox 106 856 655 924; baseline 0.011 -20"><span class='ocrx_word' id='word_1_52' title='bbox 106 856 229 922; x_wconf 85' lang='lat' dir='ltr'>Suscipit;</span> <span class='ocrx_word' id='word_1_53' title='bbox 247 858 273 907; x_wconf 86' lang='lat'>&amp;</span> <span class='ocrx_word' id='word_1_54' title='bbox 290 858 375 907; x_wconf 88' lang='lat' dir='ltr'>melior</span> <span class='ocrx_word' id='word_1_55' title='bbox 393 858 504 924; x_wconf 83' lang='lat' dir='ltr'>protinus</span> <span class='ocrx_word' id='word_1_56' title='bbox 521 858 562 907; x_wconf 77' lang='lat' dir='ltr'>illa</span> <span class='ocrx_word' id='word_1_57' title='bbox 576 860 655 910; x_wconf 80' lang='lat' dir='ltr'>venit.</span> 
     </span>
     <span class='ocr_line' id='line_1_10' title="bbox 69 928 636 993; baseline 0.009 -17"><span class='ocrx_word' id='word_1_58' title='bbox 69 928 165 993; x_wconf 83' lang='lat' dir='ltr'>Aspicit</span> <span class='ocrx_word' id='word_1_59' title='bbox 183 929 295 981; x_wconf 77' lang='lat' dir='ltr'>instantes</span> <span class='ocrx_word' id='word_1_60' title='bbox 313 931 398 980; x_wconf 85' lang='lat' dir='ltr'>mediis</span> <span class='ocrx_word' id='word_1_61' title='bbox 414 931 455 981; x_wconf 86' lang='lat' dir='ltr'>sex</span> <span class='ocrx_word' id='word_1_62' title='bbox 472 931 564 981; x_wconf 79' lang='lat' dir='ltr'>lucibus</span> <span class='ocrx_word' id='word_1_63' title='bbox 580 931 636 981; x_wconf 88' lang='lat' dir='ltr'>Idus</span> 
     </span>
     <span class='ocr_line' id='line_1_11' title="bbox 107 1002 637 1069; baseline 0.004 -18"><span class='ocrx_word' id='word_1_64' title='bbox 107 1004 151 1051; x_wconf 80' lang='lat' dir='ltr'>llla</span> <span class='ocrx_word' id='word_1_65' title='bbox 169 1003 239 1061; x_wconf 86' lang='lat' dir='ltr'>dies,</span> <span class='ocrx_word' id='word_1_66' title='bbox 263 1002 309 1069; x_wconf 75' lang='lat' dir='ltr'>qui</span> <span class='ocrx_word' id='word_1_67' title='bbox 328 1004 381 1053; x_wconf 87' lang='lat' dir='ltr'>sunt</span> <span class='ocrx_word' id='word_1_68' title='bbox 395 1016 453 1053; x_wconf 72' lang='lat' dir='ltr'>vote</span> <span class='ocrx_word' id='word_1_69' title='bbox 468 1003 546 1054; x_wconf 83' lang='lat' dir='ltr'>soluta</span> <span class='ocrx_word' id='word_1_70' title='bbox 563 1004 637 1053; x_wconf 84' lang='lat' dir='ltr'>Deae.</span> 
     </span>
     <span class='ocr_line' id='line_1_12' title="bbox 68 1074 800 1143; baseline 0.001 -17"><span class='ocrx_word' id='word_1_71' title='bbox 68 1076 96 1126; x_wconf 90' lang='lat' dir='ltr'>V</span> <span class='ocrx_word' id='word_1_72' title='bbox 105 1075 229 1134; x_wconf 87' lang='lat' dir='ltr'><strong>ESTA,</strong></span> <span class='ocrx_word' id='word_1_73' title='bbox 247 1074 302 1125; x_wconf 83' lang='lat' dir='ltr'>lave</span> <span class='ocrx_word' id='word_1_74' title='bbox 316 1092 323 1125; x_wconf 76' lang='grc' dir='ltr'><em>τ</em></span> <span class='ocrx_word' id='word_1_75' title='bbox 335 1077 379 1126; x_wconf 90' lang='lat' dir='ltr'>tibi</span> <span class='ocrx_word' id='word_1_76' title='bbox 393 1094 455 1127; x_wconf 87' lang='lat' dir='ltr'>nunc</span> <span class='ocrx_word' id='word_1_77' title='bbox 470 1087 571 1143; x_wconf 76' lang='lat' dir='ltr'>operate</span> <span class='ocrx_word' id='word_1_78' title='bbox 583 1075 724 1127; x_wconf 83' lang='lat' dir='ltr'>resolvimus</span> <span class='ocrx_word' id='word_1_79' title='bbox 740 1094 800 1137; x_wconf 78' lang='lat' dir='ltr'>ora,</span> 
     </span>
     <span class='ocr_line' id='line_1_13' title="bbox 107 1147 842 1214; baseline 0.005 -17"><span class='ocrx_word' id='word_1_80' title='bbox 107 1147 147 1197; x_wconf 90' lang='lat' dir='ltr'>Ad</span> <span class='ocrx_word' id='word_1_81' title='bbox 162 1150 236 1199; x_wconf 80' lang='lat' dir='ltr'>tunsi</span> <span class='ocrx_word' id='word_1_82' title='bbox 253 1151 323 1201; x_wconf 88' lang='lat' dir='ltr'>nobis</span> <span class='ocrx_word' id='word_1_83' title='bbox 340 1150 404 1201; x_wconf 78' lang='lat' dir='ltr'>sacra</span> <span class='ocrx_word' id='word_1_84' title='bbox 420 1150 506 1201; x_wconf 86' lang='lat' dir='ltr'>venire</span> <span class='ocrx_word' id='word_1_85' title='bbox 523 1150 599 1201; x_wconf 84' lang='lat' dir='ltr'>licet.</span> <span class='ocrx_word' id='word_1_86' title='bbox 682 1191 685 1197; x_wconf 31' lang='lat' dir='ltr'>r</span> <span class='ocrx_word' id='word_1_87' title='bbox 790 1165 842 1214; x_wconf 85' lang='lat'>250</span> 
     </span>
     <span class='ocr_line' id='line_1_14' title="bbox 68 1222 707 1287; baseline 0.003 -16"><span class='ocrx_word' id='word_1_88' title='bbox 68 1222 99 1271; x_wconf 89' lang='lat' dir='ltr'>ln</span> <span class='ocrx_word' id='word_1_89' title='bbox 117 1238 191 1287; x_wconf 83' lang='lat' dir='ltr'>prece</span> <span class='ocrx_word' id='word_1_90' title='bbox 210 1234 277 1275; x_wconf 82' lang='lat' dir='ltr'>totus</span> <span class='ocrx_word' id='word_1_91' title='bbox 294 1239 359 1273; x_wconf 82' lang='lat' dir='ltr'>eram</span> <span class='ocrx_word' id='word_1_92' title='bbox 372 1240 378 1273; x_wconf 92' lang='lat'><strong>:</strong></span> <span class='ocrx_word' id='word_1_93' title='bbox 391 1223 496 1275; x_wconf 82' lang='lat' dir='ltr'>coelestia</span> <span class='ocrx_word' id='word_1_94' title='bbox 512 1223 609 1272; x_wconf 83' lang='lat' dir='ltr'>numina</span> <span class='ocrx_word' id='word_1_95' title='bbox 626 1223 707 1283; x_wconf 83' lang='lat' dir='ltr'>sensi,</span> 
     </span>
     <span class='ocr_line' id='line_1_15' title="bbox 107 1294 652 1361; baseline 0.004 -18"><span class='ocrx_word' id='word_1_96' title='bbox 107 1294 220 1361; x_wconf 81' lang='lat' dir='ltr'>Laetaque</span> <span class='ocrx_word' id='word_1_97' title='bbox 235 1296 355 1361; x_wconf 69' lang='lat' dir='ltr'>purpurei</span> <span class='ocrx_word' id='word_1_98' title='bbox 372 1297 428 1347; x_wconf 90' lang='lat' dir='ltr'>luce</span> <span class='ocrx_word' id='word_1_99' title='bbox 446 1296 541 1347; x_wconf 80' lang='lat' dir='ltr'>refulsit</span> <span class='ocrx_word' id='word_1_100' title='bbox 557 1297 652 1347; x_wconf 88' lang='lat' dir='ltr'>humus.</span> 
     </span>
     <span class='ocr_line' id='line_1_16' title="bbox 67 1368 716 1435; baseline 0 -16"><span class='ocrx_word' id='word_1_101' title='bbox 67 1370 128 1419; x_wconf 87' lang='lat' dir='ltr'>Non</span> <span class='ocrx_word' id='word_1_102' title='bbox 147 1369 258 1435; x_wconf 86' lang='lat' dir='ltr'>equidem</span> <span class='ocrx_word' id='word_1_103' title='bbox 272 1369 321 1419; x_wconf 84' lang='lat' dir='ltr'>vidi</span> <span class='ocrx_word' id='word_1_104' title='bbox 335 1403 341 1428; x_wconf 87' lang='lat'>,</span> <span class='ocrx_word' id='word_1_105' title='bbox 361 1371 459 1420; x_wconf 79' lang='lat' dir='ltr'>valeant</span> <span class='ocrx_word' id='word_1_106' title='bbox 475 1368 600 1419; x_wconf 75' lang='lat' dir='ltr'>mendacia</span> <span class='ocrx_word' id='word_1_107' title='bbox 614 1382 716 1429; x_wconf 82' lang='lat' dir='ltr'>ratum,</span> 
     </span>
     <span class='ocr_line' id='line_1_17' title="bbox 107 1440 646 1507; baseline 0 -16"><span class='ocrx_word' id='word_1_108' title='bbox 107 1442 166 1501; x_wconf 87' lang='lat' dir='ltr'>Te,</span> <span class='ocrx_word' id='word_1_109' title='bbox 183 1442 258 1501; x_wconf 70' lang='grc' dir='ltr'>θοις</span> <span class='ocrx_word' id='word_1_110' title='bbox 276 1458 321 1491; x_wconf 88' lang='lat' dir='ltr'>nec</span> <span class='ocrx_word' id='word_1_111' title='bbox 340 1442 418 1493; x_wconf 80' lang='lat' dir='ltr'>fueras</span> <span class='ocrx_word' id='word_1_112' title='bbox 433 1440 568 1507; x_wconf 76' lang='lat' dir='ltr'>aspicienda</span> <span class='ocrx_word' id='word_1_113' title='bbox 584 1442 646 1491; x_wconf 82' lang='lat' dir='ltr'>viro.</span> 
     </span>
     <span class='ocr_line' id='line_1_18' title="bbox 67 1515 840 1582; baseline -0.001 -16"><span class='ocrx_word' id='word_1_114' title='bbox 67 1516 119 1567; x_wconf 85' lang='lat' dir='ltr'>Sed</span> <span class='ocrx_word' id='word_1_115' title='bbox 138 1532 190 1582; x_wconf 81' lang='lat' dir='ltr'>quae</span> <span class='ocrx_word' id='word_1_116' title='bbox 203 1515 353 1573; x_wconf 77' lang='lat' dir='ltr'>nescietam,</span> <span class='ocrx_word' id='word_1_117' title='bbox 373 1531 523 1581; x_wconf 89' lang='lat' dir='ltr'>quorumque</span> <span class='ocrx_word' id='word_1_118' title='bbox 542 1531 626 1565; x_wconf 84' lang='lat' dir='ltr'>errore</span> <span class='ocrx_word' id='word_1_119' title='bbox 641 1517 763 1574; x_wconf 75' lang='lat' dir='ltr'>tenebar,</span> <span class='ocrx_word' id='word_1_120' title='bbox 790 1533 821 1579; x_wconf 89' lang='lat'>25</span> <span class='ocrx_word' id='word_1_121' title='bbox 829 1534 840 1578; x_wconf 82' lang='lat'><em>5</em></span> 
     </span>
     <span class='ocr_line' id='line_1_19' title="bbox 107 1587 670 1655; baseline 0 -18"><span class='ocrx_word' id='word_1_122' title='bbox 107 1587 213 1655; x_wconf 82' lang='lat' dir='ltr'>Cognita</span> <span class='ocrx_word' id='word_1_123' title='bbox 227 1587 299 1645; x_wconf 86' lang='lat' dir='ltr'>sunt,</span> <span class='ocrx_word' id='word_1_124' title='bbox 320 1588 387 1637; x_wconf 89' lang='lat' dir='ltr'>nullo</span> <span class='ocrx_word' id='word_1_125' title='bbox 404 1587 583 1653; x_wconf 71' lang='lat' dir='ltr'>precipiente,</span> <span class='ocrx_word' id='word_1_126' title='bbox 602 1589 670 1637; x_wconf 86' lang='lat' dir='ltr'>mihi.</span> 
     </span>
     <span class='ocr_line' id='line_1_20' title="bbox 66 1657 761 1726; baseline -0.004 -14"><span class='ocrx_word' id='word_1_127' title='bbox 66 1663 143 1713; x_wconf 79' lang='lat' dir='ltr'>Denn</span> <span class='ocrx_word' id='word_1_128' title='bbox 162 1672 248 1726; x_wconf 83' lang='lat' dir='ltr'>quater</span> <span class='ocrx_word' id='word_1_129' title='bbox 265 1671 399 1723; x_wconf 74' lang='lat' dir='ltr'>memorant</span> <span class='ocrx_word' id='word_1_130' title='bbox 417 1657 521 1709; x_wconf 76' lang='lat' dir='ltr'>habuisse</span> <span class='ocrx_word' id='word_1_131' title='bbox 539 1658 622 1709; x_wconf 76' lang='lat' dir='ltr'>Palilia</span> <span class='ocrx_word' id='word_1_132' title='bbox 640 1660 761 1720; x_wconf 77' lang='lat' dir='ltr'>Romam,</span> 
     </span>
     <span class='ocr_line' id='line_1_21' title="bbox 108 1730 683 1795; baseline -0.002 -12"><span class='ocrx_word' id='word_1_133' title='bbox 108 1732 170 1784; x_wconf 81' lang='lat' dir='ltr'>Ciun</span> <span class='ocrx_word' id='word_1_134' title='bbox 186 1733 285 1783; x_wconf 78' lang='lat' dir='ltr'>flammae</span> <span class='ocrx_word' id='word_1_135' title='bbox 303 1730 381 1782; x_wconf 84' lang='lat' dir='ltr'>custos</span> <span class='ocrx_word' id='word_1_136' title='bbox 398 1731 450 1781; x_wconf 82' lang='lat' dir='ltr'>aede</span> <span class='ocrx_word' id='word_1_137' title='bbox 466 1742 567 1795; x_wconf 81' lang='lat' dir='ltr'>recepta</span> <span class='ocrx_word' id='word_1_138' title='bbox 583 1730 623 1781; x_wconf 74' lang='lat' dir='ltr'>sui</span> <span class='ocrx_word' id='word_1_139' title='bbox 640 1732 683 1782; x_wconf 85' lang='lat' dir='ltr'>est.</span> 
     </span>
     <span class='ocr_line' id='line_1_22' title="bbox 68 1804 737 1874; baseline -0.006 -14"><span class='ocrx_word' id='word_1_140' title='bbox 68 1808 146 1874; x_wconf 81' lang='lat' dir='ltr'>Regis</span> <span class='ocrx_word' id='word_1_141' title='bbox 163 1822 224 1873; x_wconf 88' lang='lat' dir='ltr'>opus</span> <span class='ocrx_word' id='word_1_142' title='bbox 241 1804 348 1871; x_wconf 82' lang='lat' dir='ltr'>placidi,</span> <span class='ocrx_word' id='word_1_143' title='bbox 366 1820 415 1872; x_wconf 88' lang='lat' dir='ltr'>quo</span> <span class='ocrx_word' id='word_1_144' title='bbox 433 1818 482 1855; x_wconf 86' lang='lat' dir='ltr'>non</span> <span class='ocrx_word' id='word_1_145' title='bbox 499 1805 647 1858; x_wconf 86' lang='lat' dir='ltr'>metuentius</span> <span class='ocrx_word' id='word_1_146' title='bbox 662 1806 737 1856; x_wconf 90' lang='lat' dir='ltr'>ullum</span> 
     </span>
     <span class='ocr_line' id='line_1_23' title="bbox 107 1877 842 1946; baseline 0.001 -16"><span class='ocrx_word' id='word_1_147' title='bbox 107 1880 218 1930; x_wconf 84' lang='lat' dir='ltr'>Numinis</span> <span class='ocrx_word' id='word_1_148' title='bbox 234 1879 356 1946; x_wconf 84' lang='lat' dir='ltr'>ingenium</span> <span class='ocrx_word' id='word_1_149' title='bbox 374 1889 439 1928; x_wconf 83' lang='lat' dir='ltr'>terra</span> <span class='ocrx_word' id='word_1_150' title='bbox 455 1877 543 1928; x_wconf 79' lang='lat' dir='ltr'>Sabina</span> <span class='ocrx_word' id='word_1_151' title='bbox 559 1878 625 1928; x_wconf 88' lang='lat' dir='ltr'>tulit.</span> <span class='ocrx_word' id='word_1_152' title='bbox 790 1881 842 1932; x_wconf 84' lang='lat'>260</span> 
     </span>
     <span class='ocr_line' id='line_1_24' title="bbox 68 1949 778 2019; baseline -0.001 -15"><span class='ocrx_word' id='word_1_153' title='bbox 68 1955 134 2019; x_wconf 83' lang='lat' dir='ltr'>Quae</span> <span class='ocrx_word' id='word_1_154' title='bbox 153 1969 217 2004; x_wconf 88' lang='lat' dir='ltr'>nunc</span> <span class='ocrx_word' id='word_1_155' title='bbox 234 1969 282 2002; x_wconf 83' lang='lat' dir='ltr'>aere</span> <span class='ocrx_word' id='word_1_156' title='bbox 299 1952 386 2010; x_wconf 90' lang='lat' dir='ltr'>vides,</span> <span class='ocrx_word' id='word_1_157' title='bbox 406 1949 489 2018; x_wconf 64' lang='lat' dir='ltr'>stipula</span> <span class='ocrx_word' id='word_1_158' title='bbox 504 1964 562 2001; x_wconf 89' lang='lat' dir='ltr'>tunc</span> <span class='ocrx_word' id='word_1_159' title='bbox 580 1951 644 2002; x_wconf 76' lang='lat' dir='ltr'>tetta</span> <span class='ocrx_word' id='word_1_160' title='bbox 661 1951 778 2012; x_wconf 82' lang='lat' dir='ltr'>videres;</span> 
     </span>
     <span class='ocr_line' id='line_1_25' title="bbox 107 2025 598 2095; baseline -0.008 -17"><span class='ocrx_word' id='word_1_161' title='bbox 107 2029 139 2078; x_wconf 89' lang='lat' dir='ltr'>Et</span> <span class='ocrx_word' id='word_1_162' title='bbox 155 2028 235 2095; x_wconf 75' lang='lat' dir='ltr'>paries</span> <span class='ocrx_word' id='word_1_163' title='bbox 250 2027 318 2076; x_wconf 83' lang='lat' dir='ltr'>lento</span> <span class='ocrx_word' id='word_1_164' title='bbox 333 2025 421 2075; x_wconf 87' lang='lat' dir='ltr'>vimine</span> <span class='ocrx_word' id='word_1_165' title='bbox 438 2036 521 2075; x_wconf 85' lang='lat' dir='ltr'>textus</span> <span class='ocrx_word' id='word_1_166' title='bbox 536 2037 598 2076; x_wconf 83' lang='lat' dir='ltr'>erat.</span> 
     </span>
     <span class='ocr_line' id='line_1_26' title="bbox 67 2088 704 2182; baseline -0.006 -30"><span class='ocrx_word' id='word_1_167' title='bbox 67 2088 118 2154; x_wconf 76' lang='lat' dir='ltr'>Hic</span> <span class='ocrx_word' id='word_1_168' title='bbox 135 2102 202 2150; x_wconf 88' lang='lat' dir='ltr'>locus</span> <span class='ocrx_word' id='word_1_169' title='bbox 220 2099 339 2167; x_wconf 79' lang='lat' dir='ltr'>exiguus,</span> <span class='ocrx_word' id='word_1_170' title='bbox 357 2097 412 2182; x_wconf 43' lang='lat' dir='ltr'>qui·</span> <span class='ocrx_word' id='word_1_171' title='bbox 415 2096 511 2148; x_wconf 80' lang='lat' dir='ltr'>sustinet</span> <span class='ocrx_word' id='word_1_172' title='bbox 526 2097 588 2148; x_wconf 80' lang='lat' dir='ltr'>atria</span> <span class='ocrx_word' id='word_1_173' title='bbox 604 2097 704 2158; x_wconf 60' lang='lat' dir='ltr'>vesta»,</span> 
     </span>
     <span class='ocr_line' id='line_1_27' title="bbox 107 2169 641 2238; baseline -0.01 -14"><span class='ocrx_word' id='word_1_174' title='bbox 107 2175 178 2224; x_wconf 88' lang='lat' dir='ltr'>Tunc</span> <span class='ocrx_word' id='word_1_175' title='bbox 192 2185 243 2223; x_wconf 83' lang='lat' dir='ltr'>eret</span> <span class='ocrx_word' id='word_1_176' title='bbox 257 2171 347 2223; x_wconf 82' lang='lat' dir='ltr'>intonsi</span> <span class='ocrx_word' id='word_1_177' title='bbox 361 2169 428 2238; x_wconf 82' lang='lat' dir='ltr'>regia</span> <span class='ocrx_word' id='word_1_178' title='bbox 443 2186 530 2236; x_wconf 79' lang='lat' dir='ltr'>magna</span> <span class='ocrx_word' id='word_1_179' title='bbox 546 2171 641 2220; x_wconf 80' lang='lat' dir='ltr'>Numae.</span> 
     </span>
     <span class='ocr_line' id='line_1_28' title="bbox 69 2243 840 2310; baseline -0.005 -11"><span class='ocrx_word' id='word_1_180' title='bbox 69 2251 158 2300; x_wconf 87' lang='lat' dir='ltr'>Forma</span> <span class='ocrx_word' id='word_1_181' title='bbox 167 2259 249 2296; x_wconf 82' lang='lat' dir='ltr'>tamen</span> <span class='ocrx_word' id='word_1_182' title='bbox 258 2244 361 2310; x_wconf 75' lang='lat' dir='ltr'>templi</span> <span class='ocrx_word' id='word_1_183' title='bbox 378 2259 430 2310; x_wconf 81' lang='lat' dir='ltr'>quae</span> <span class='ocrx_word' id='word_1_184' title='bbox 441 2259 505 2294; x_wconf 89' lang='lat' dir='ltr'>nunc</span> <span class='ocrx_word' id='word_1_185' title='bbox 518 2254 618 2300; x_wconf 80' lang='lat' dir='ltr'>manet,</span> <span class='ocrx_word' id='word_1_186' title='bbox 634 2253 691 2293; x_wconf 80' lang='lat' dir='ltr'>ante</span> <span class='ocrx_word' id='word_1_187' title='bbox 704 2243 769 2294; x_wconf 80' lang='lat' dir='ltr'>luiffe</span> <span class='ocrx_word' id='word_1_188' title='bbox 789 2245 823 2295; x_wconf 78' lang='lat'>26</span> <span class='ocrx_word' id='word_1_189' title='bbox 828 2261 840 2308; x_wconf 85' lang='lat'>5</span> 
     </span>
     <span class='ocr_line' id='line_1_29' title="bbox 107 2299 686 2382; baseline -0.011 -12"><span class='ocrx_word' id='word_1_190' title='bbox 107 2299 224 2370; x_wconf 82' lang='lat' dir='ltr'>Dicittir.</span> <span class='ocrx_word' id='word_1_191' title='bbox 238 2319 264 2369; x_wconf 87' lang='lat'>&amp;</span> <span class='ocrx_word' id='word_1_192' title='bbox 280 2317 362 2368; x_wconf 77' lang='lat' dir='ltr'>formae</span> <span class='ocrx_word' id='word_1_193' title='bbox 377 2315 447 2366; x_wconf 83' lang='lat' dir='ltr'>causa</span> <span class='ocrx_word' id='word_1_194' title='bbox 462 2316 586 2382; x_wconf 76' lang='lat' dir='ltr'>probanda</span> <span class='ocrx_word' id='word_1_195' title='bbox 602 2314 686 2367; x_wconf 86' lang='lat' dir='ltr'>subest.</span> 
     </span>
     <span class='ocr_line' id='line_1_30' title="bbox 66 2387 821 2458; baseline -0.004 -15"><span class='ocrx_word' id='word_1_196' title='bbox 66 2389 285 2448; x_wconf 78' lang='lat' dir='ltr'>Vestaeademest</span> <span class='ocrx_word' id='word_1_197' title='bbox 295 2406 369 2456; x_wconf 84' lang='lat' dir='ltr'>,quae</span> <span class='ocrx_word' id='word_1_198' title='bbox 379 2388 476 2440; x_wconf 83' lang='lat' dir='ltr'>Terra.</span> <span class='ocrx_word' id='word_1_199' title='bbox 489 2387 821 2458; x_wconf 77' lang='lat' dir='ltr'>subestvigilignisutrique.</span> 
     </span>
     <span class='ocr_line' id='line_1_31' title="bbox 106 2461 647 2533; baseline -0.007 -18"><span class='ocrx_word' id='word_1_200' title='bbox 106 2463 246 2533; x_wconf 83' lang='lat' dir='ltr'>Significant</span> <span class='ocrx_word' id='word_1_201' title='bbox 262 2463 342 2512; x_wconf 87' lang='lat' dir='ltr'>sedem</span> <span class='ocrx_word' id='word_1_202' title='bbox 357 2475 422 2512; x_wconf 85' lang='lat' dir='ltr'>terra</span> <span class='ocrx_word' id='word_1_203' title='bbox 438 2461 557 2527; x_wconf 85' lang='lat' dir='ltr'>locusque</span> <span class='ocrx_word' id='word_1_204' title='bbox 573 2462 647 2511; x_wconf 83' lang='lat' dir='ltr'>suam.</span> 
     </span>
     <span class='ocr_line' id='line_1_32' title="bbox 68 2534 662 2603; baseline -0.012 -12"><span class='ocrx_word' id='word_1_205' title='bbox 68 2541 149 2590; x_wconf 84' lang='lat' dir='ltr'>Terra</span> <span class='ocrx_word' id='word_1_206' title='bbox 165 2538 220 2603; x_wconf 82' lang='lat' dir='ltr'>pilae</span> <span class='ocrx_word' id='word_1_207' title='bbox 238 2535 341 2594; x_wconf 86' lang='lat' dir='ltr'>similis,</span> <span class='ocrx_word' id='word_1_208' title='bbox 364 2535 430 2584; x_wconf 91' lang='lat' dir='ltr'>nullo</span> <span class='ocrx_word' id='word_1_209' title='bbox 447 2535 569 2584; x_wconf 80' lang='lat' dir='ltr'>fulcimine</span> <span class='ocrx_word' id='word_1_210' title='bbox 586 2534 662 2586; x_wconf 81' lang='lat' dir='ltr'>nixa:</span> 
     </span>
     <span class='ocr_line' id='line_1_33' title="bbox 107 2607 840 2676; baseline -0.003 -14"><span class='ocrx_word' id='word_1_211' title='bbox 107 2612 173 2662; x_wconf 71' lang='lat' dir='ltr'>Aere</span> <span class='ocrx_word' id='word_1_212' title='bbox 191 2607 317 2672; x_wconf 69' lang='lat' dir='ltr'>subietlo,</span> <span class='ocrx_word' id='word_1_213' title='bbox 334 2619 383 2658; x_wconf 86' lang='lat' dir='ltr'>tam</span> <span class='ocrx_word' id='word_1_214' title='bbox 398 2623 472 2674; x_wconf 82' lang='lat' dir='ltr'>grave</span> <span class='ocrx_word' id='word_1_215' title='bbox 486 2607 577 2672; x_wconf 85' lang='lat' dir='ltr'>pendet</span> <span class='ocrx_word' id='word_1_216' title='bbox 590 2624 663 2658; x_wconf 87' lang='lat' dir='ltr'>nnus</span> <span class='ocrx_word' id='word_1_217' title='bbox 788 2625 840 2676; x_wconf 86' lang='lat'>²70</span> 
     </span>
     <span class='ocr_line' id='line_1_34' title="bbox 69 2677 635 2754; baseline -0.018 -16"><span class='ocrx_word' id='word_1_218' title='bbox 69 2687 124 2754; x_wconf 87' lang='lat' dir='ltr'>lpsa</span> <span class='ocrx_word' id='word_1_219' title='bbox 140 2681 278 2734; x_wconf 82' lang='lat' dir='ltr'>volubilitas</span> <span class='ocrx_word' id='word_1_220' title='bbox 294 2682 404 2730; x_wconf 80' lang='lat' dir='ltr'>libratum</span> <span class='ocrx_word' id='word_1_221' title='bbox 421 2677 517 2729; x_wconf 81' lang='lat' dir='ltr'>sustinet</span> <span class='ocrx_word' id='word_1_222' title='bbox 532 2681 635 2730; x_wconf 89' lang='lat' dir='ltr'>orbem·</span> 
     </span>
     <span class='ocr_line' id='line_1_35' title="bbox 107 2751 732 2822; baseline -0.01 -15"><span class='ocrx_word' id='word_1_223' title='bbox 107 2758 206 2822; x_wconf 83' lang='lat' dir='ltr'>Quique</span> <span class='ocrx_word' id='word_1_224' title='bbox 224 2761 317 2822; x_wconf 74' lang='lat' dir='ltr'>premet</span> <span class='ocrx_word' id='word_1_225' title='bbox 330 2765 429 2818; x_wconf 83' lang='lat' dir='ltr'>partes,</span> <span class='ocrx_word' id='word_1_226' title='bbox 449 2752 549 2819; x_wconf 81' lang='lat' dir='ltr'>angulus</span> <span class='ocrx_word' id='word_1_227' title='bbox 565 2753 641 2804; x_wconf 84' lang='lat' dir='ltr'>omnis</span> <span class='ocrx_word' id='word_1_228' title='bbox 656 2751 732 2807; x_wconf 79' lang='lat' dir='ltr'>abest.</span> 
     </span>
    </p>
   </div>
   <div class='ocr_carea' id='block_1_3' title="bbox 69 2826 687 2974">
    <p class='ocr_par' dir='ltr' id='par_1_3' title="bbox 69 2826 687 2974">
     <span class='ocr_line' id='line_1_36' title="bbox 69 2826 687 2898; baseline -0.013 -15"><span class='ocrx_word' id='word_1_229' title='bbox 69 2833 181 2898; x_wconf 80' lang='lat' dir='ltr'>cumque</span> <span class='ocrx_word' id='word_1_230' title='bbox 196 2830 229 2880; x_wconf 81' lang='lat' dir='ltr'>tit</span> <span class='ocrx_word' id='word_1_231' title='bbox 244 2829 269 2878; x_wconf 88' lang='lat' dir='ltr'>in</span> <span class='ocrx_word' id='word_1_232' title='bbox 283 2827 360 2882; x_wconf 85' lang='lat' dir='ltr'>media</span> <span class='ocrx_word' id='word_1_233' title='bbox 376 2842 455 2876; x_wconf 77' lang='lat' dir='ltr'>renum</span> <span class='ocrx_word' id='word_1_234' title='bbox 472 2826 573 2892; x_wconf 80' lang='lat' dir='ltr'>regione</span> <span class='ocrx_word' id='word_1_235' title='bbox 589 2826 687 2885; x_wconf 74' lang='lat' dir='ltr'>locata.</span> 
     </span>
     <span class='ocr_line' id='line_1_37' title="bbox 106 2900 668 2974; baseline -0.016 -14"><span class='ocrx_word' id='word_1_236' title='bbox 106 2905 139 2960; x_wconf 84' lang='lat' dir='ltr'>Et</span> <span class='ocrx_word' id='word_1_237' title='bbox 152 2916 234 2974; x_wconf 76' lang='lat' dir='ltr'>tangat</span> <span class='ocrx_word' id='word_1_238' title='bbox 251 2902 343 2954; x_wconf 85' lang='lat' dir='ltr'>nullum</span> <span class='ocrx_word' id='word_1_239' title='bbox 358 2901 443 2968; x_wconf 83' lang='lat' dir='ltr'>plusve</span> <span class='ocrx_word' id='word_1_240' title='bbox 458 2901 566 2952; x_wconf 77' lang='lat' dir='ltr'>minusve</span> <span class='ocrx_word' id='word_1_241' title='bbox 583 2900 668 2959; x_wconf 68' lang='lat' dir='ltr'>latusr</span> 
     </span>
    </p>
   </div>
   <div class='ocr_carea' id='block_1_4' title="bbox 0 0 992 3700">
    <p class='ocr_par' dir='ltr' id='par_1_4' title="bbox 0 0 992 3700">
     <span class='ocr_line' id='line_1_38' title="bbox 0 0 992 3700; baseline 0 0"><span class='ocrx_word' id='word_1_242' title='bbox 0 0 992 3700; x_wconf 95' lang='lat' dir='ltr'> </span> 
     </span>
    </p>
   </div>
  </div>
 </body>
</html>
