1975 3700
159 277 208 328 22
252 257 295 325 P.
323 257 518 328 Orruit
545 257 775 327 Nasonis

158 374 268 426 Noscere
279 392 317 426 me
332 374 422 442 duplici
433 376 512 444 posses
525 377 551 428 in
561 377 665 447 imagine
677 411 685 438 ,
702 378 781 437 dirim

194 449 226 498 Ni
238 460 309 500 vetus
320 449 369 515 ipsa
381 451 433 501 dies
447 464 593 503 extenuaret
607 469 680 519 opus.

159 521 238 572 Causa
248 524 305 574 ratis
316 522 421 590 superest
433 539 441 576 t
454 525 577 576 Thuscum
586 538 639 577 rate
648 525 718 576 venit
727 523 752 576 in
763 540 877 583 amnem,

193 596 259 647 Ante
272 609 417 664 pererrato,
432 598 527 650 falcifer
542 633 550 660 ,
565 601 645 660 orbe,
662 600 744 650 Deus.

94 685 145 738 235
157 670 212 721 Hac
225 687 273 739 ego
284 671 413 722 Saturnum
424 674 522 724 memini
532 675 621 724 tellure
632 686 759 740 receptum
769 689 781 732 3

186 733 325 795 ‘coelitibus
340 746 420 814 regnis
435 748 464 796 ab
476 747 540 800 Jove
554 748 636 815 pulsus
651 759 713 798 erat.

156 817 217 869 inde
228 818 268 869 diu
280 819 346 886 genti
357 821 446 871 mansit
458 821 570 872 Saturnia
580 838 671 873 nomen
683 837 692 880 ;

193 891 264 943 Diua
275 909 372 960 quoque
383 893 417 944 esi
426 893 522 946 Latium
532 907 616 954 terra,
635 896 729 946 latente
740 893 809 944 Deo.

156 963 263 1016 Athona
273 967 400 1032 posteritas
410 969 508 1036 puppim
519 968 624 1019 servavit
638 969 664 1018 in
674 984 723 1020 aere
735 999 744 1025 ,

93 1056 146 1105 240
193 1038 302 1106 Hospitis
316 1041 447 1092 adventum
463 1041 590 1092 testificata
600 1041 661 1092 Dei.

155 1112 209 1180 lpse
220 1113 294 1164 solum
306 1116 389 1173 colui,
407 1113 476 1180 cujus
486 1115 648 1181 placidissima
656 1116 745 1166 laevum

188 1185 266 1237 'Radit
279 1189 376 1238 arenosi
387 1188 493 1239 Tibridis
508 1189 573 1239 unda
586 1189 660 1241 latus.

154 1259 222 1320 Hic,
238 1261 281 1322 ubi
290 1277 354 1310 nunc
365 1260 487 1312 Romaest
497 1296 508 1322 ,
524 1262 635 1314 incaedua
645 1262 707 1312 silva
718 1257 813 1312 virebat
823 1272 835 1318 3

191 1333 320 1402 Tantaque
335 1351 375 1386 res
385 1335 470 1403 paucis
478 1336 566 1402 pascua
577 1337 657 1386 bubus
667 1348 728 1386 erat.

92 1423 144 1473 245
156 1406 208 1458 Arx
217 1425 270 1459 mea
280 1408 350 1459 collis
361 1421 433 1468 erat,
448 1426 521 1476 quem
532 1408 621 1459 cultrix
633 1408 731 1459 nomine
742 1404 825 1458 nostro

190 1483 322 1548 Nuncupat
332 1482 385 1532 hec
397 1493 456 1532 aetas
467 1516 475 1544 ‚
494 1482 677 1550 Janiculurnque
687 1493 771 1531 vocat.

153 1554 225 1604 Tunc
240 1571 288 1623 ego
302 1557 451 1624 regnabam,
467 1556 562 1624 patiens
578 1553 632 1606 crim
643 1567 709 1606 terra
718 1555 833 1606 Deorum

189 1628 254 1679 Esset
265 1663 273 1688 ,
292 1629 318 1680 δι
328 1630 437 1680 humanis
448 1630 546 1680 numina
553 1630 629 1680 mixta
638 1628 710 1680 locis.

152 1701 267 1752 Nondum
278 1702 395 1756 Justitianr
410 1703 503 1754 sacinus
516 1703 619 1754 mortale
633 1702 739 1770 sugirat.

91 1789 145 1839 250
193 1775 204 1843 (
215 1778 308 1828 Ultima
320 1777 350 1828 de
361 1777 459 1845 Superis
470 1779 513 1828 illa
523 1777 622 1845 reliquit
630 1777 738 1826 humum.
749 1775 762 1842 )

153 1849 250 1919 Proque
264 1864 332 1903 metu
341 1854 459 1919 populum
474 1854 528 1903 sine
539 1852 565 1902 vi
578 1852 657 1918 pudor
666 1849 716 1916 ipse
730 1849 843 1917 regebat.

189 1926 278 1976 Nullus
289 1937 359 1985 erat,
377 1924 443 1991 juliis
455 1926 560 1977 reddere
572 1924 643 1991 jura,
658 1926 739 1975 labor.

152 2000 193 2051 Nil
203 1999 260 2050 mihi
272 2016 325 2050 curn
336 2000 421 2051 bellot
432 2017 518 2066 pacem
529 1999 656 2067 postesque
667 1999 753 2049 tuebar
763 2012 773 2055 3

189 2073 221 2125 Et
232 2075 324 2123 clavena
339 2072 485 2133 ostendens,
502 2074 583 2131 Haec,
599 2074 650 2131 ait,
665 2088 730 2123 arma
740 2086 811 2138 gero.

90 2160 105 2196 2
110 2160 141 2209 55
152 2145 271 2197 Presserat
281 2163 323 2197 ora
333 2146 403 2197 Deus
416 2163 423 2197 r
435 2159 494 2197 tunc
504 2147 539 2197 sic
550 2144 630 2197 nostra
640 2162 684 2197 ora
692 2144 789 2197 resolvo
798 2176 808 2205 ,

186 2222 260 2271 Voce
270 2219 324 2271 mei
332 2236 408 2271 voces
419 2221 533 2271 eliciente
544 2220 606 2271 Dei.

153 2290 216 2355 Crini
228 2306 267 2345 tot
276 2295 325 2345 sint
335 2293 389 2345 lani
400 2328 408 2353 ,
425 2312 468 2345 cur
479 2294 524 2345 stas
535 2293 639 2345 sacratus
649 2290 674 2343 in
685 2308 754 2350 uno,

187 2366 236 2418 Hic
247 2369 289 2418 ubi
298 2366 378 2435 junna
389 2367 447 2421 soris
458 2369 549 2433 templa
559 2367 653 2419 duobus
662 2365 760 2417 habes?

150 2441 196 2493 ille
207 2458 277 2493 manu
289 2442 396 2491 mulcens
407 2458 541 2508 propexam
550 2442 582 2491 ad
591 2440 691 2507 pestora
700 2438 819 2500 barbam,

88 2511 140 2563 260
187 2514 301 2566 Protinus
313 2514 399 2571 OEbalii
409 2517 493 2567 retulit
503 2532 567 2565 arma
577 2515 639 2566 Titi.

149 2589 234 2655 thue
244 2589 305 2641 levis
319 2589 397 2641 custos
408 2622 416 2648 ,
434 2589 532 2641 armillis
542 2602 614 2656 capra
623 2585 735 2649 Sabinis,

187 2662 226 2713 Ad
241 2662 336 2718 summa
346 2662 443 2715 Tatium
458 2663 555 2713 duxerit
564 2663 627 2714 arcis
640 2662 698 2712 iter.

148 2736 209 2787 inde
220 2769 228 2795 ,
239 2738 309 2787 velut
318 2752 382 2787 nunc
393 2736 425 2787 eli
436 2770 443 2795 ‚
455 2753 581 2803 perquem
592 2735 756 2795 descenditis,
767 2728 845 2801 inquit
856 2765 870 2798 ,

185 2808 285 2867 Arduus
296 2810 319 2859 in
330 2812 405 2861 valles
417 2811 516 2861 &Fora
527 2810 605 2861 clivus
616 2821 678 2860 erat.

87 2877 121 2930 26
125 2894 137 2943 5
149 2882 182 2933 Et
197 2883 244 2947 iarn
255 2883 391 2951 contigerat
403 2896 517 2948 portam,
534 2882 648 2937 Saturnia
657 2881 729 2950 cujus
835 2936 839 2943 .

182 2957 312 3013 Demserat
324 2956 447 3024 appositas
457 2956 569 3013 insidiofi
582 2955 657 3015 sent·
