1975 3700
119 276 419 343 FAsronunr
446 269 554 342 Lrn.
582 274 654 344 VI.
709 292 780 371 153

62 394 133 447 Rure
148 395 222 461 dapes
238 404 306 460 parat
326 392 367 441 ille
383 390 446 449 suo,
462 392 606 458 turbamque
624 408 735 443 canoram

104 468 255 519 Convocat:
271 466 300 517 ad
314 464 385 515 festas
403 465 519 515 convenit
528 464 568 515 illa
585 465 670 531 dapes.

65 542 126 592 Nox
143 552 216 600 erat,
234 539 260 591 δι
276 538 337 589 vinis
350 538 462 604 oculique
480 538 600 607 animique
617 541 752 601 natabant;

106 613 169 665 Cim
186 612 374 681 praecomposito
389 612 490 662 nuncius
509 630 554 663 ore
569 611 647 662 uenit.

64 686 151 756 Atque
168 688 218 746 ita,
238 686 303 750 Quid
321 684 394 736 celiae
410 686 524 736 convivia
542 684 661 736 solvere?
680 686 763 747 dixit3
788 686 840 754 675

104 761 198 813 nudor
209 760 319 811 vindisiae
336 758 384 824 jam
399 758 487 817 venit,
508 776 586 819 ecce,
603 772 662 810 tuae.

64 837 123 886 Nec
138 849 227 885 mora:
245 832 356 883 convivae
372 833 453 883 valido
468 832 597 883 titubantia
610 833 670 883 vino

104 908 217 959 Membra
232 918 334 957 movent
345 923 353 958 ε
366 906 431 955 dubii
449 904 559 973 stantque
577 907 706 975 labantque
720 907 804 973 pedes.

66 981 107 1034 Ae
120 982 251 1039 dominus,
267 980 414 1039 Discedite,
428 978 462 1029 ait
476 994 486 1029 s
501 978 653 1046 plaustroque
664 994 787 1032 morantes

105 1056 203 1105 Sustulit
217 1071 225 1106 ε
241 1053 265 1103 in
278 1052 383 1121 plaustro
395 1053 490 1120 scirpea
505 1054 554 1102 lata
569 1054 624 1103 suit.
789 1054 843 1105 680

65 1128 187 1182 Alliciunt
202 1128 298 1179 somnos
313 1139 426 1195 tempus,
448 1138 595 1194 motusque,
612 1142 751 1194 merumque
759 1144 770 1187 ς

107 1201 217 1269 Potaque
234 1202 258 1251 se
273 1201 351 1252 Tibur
367 1202 436 1251 turba
452 1201 534 1251 redire
549 1213 629 1267 putat.

67 1276 173 1343 Jamque
186 1292 230 1341 per
247 1274 362 1341 Esquilias
378 1274 511 1324 Romanam
524 1274 659 1325 intraverat
673 1274 778 1334 urbem,

106 1350 139 1399 Et
156 1364 225 1399 mane
242 1348 267 1397 in
284 1348 363 1398 medio
379 1347 481 1415 plaustra
497 1348 565 1398 suere
583 1349 658 1399 Foro.

68 1422 196 1481 Plautius,
212 1434 240 1473 ut
256 1421 349 1489 possent
363 1421 443 1487 specie
459 1438 610 1489 numeroque
625 1422 741 1473 Senatum
788 1418 841 1485 685

106 1496 220 1554 Fallere,
238 1494 346 1561 personis
363 1494 465 1561 imperat
481 1511 524 1545 ora
541 1495 602 1562 tegi.

67 1567 240 1635 Admiscetque
257 1567 317 1617 alios
329 1583 337 1618 a
352 1567 397 1626 δι,
412 1580 441 1617 ut
454 1568 520 1616 hunc
534 1568 637 1617 tibicina
653 1580 744 1619 coetunr

106 1641 222 1709 Augeat,
239 1641 266 1689 in
284 1640 363 1708 longis
379 1638 483 1691 vestibus
496 1641 532 1690 ire
547 1638 625 1705 jubet.

67 1715 110 1766 Sic
127 1714 230 1765 reduces
244 1714 309 1762 bene
323 1712 388 1778 posse
404 1713 472 1779 tegi,
493 1728 524 1762 ne
539 1712 603 1763 forte
620 1725 737 1766 notentur

107 1788 202 1839 Contra
219 1787 320 1854 collegae
336 1783 392 1853 jussa
407 1784 492 1835 redisse
508 1786 555 1836 sui.
617 1843 622 1857 Ι
744 1779 749 1786 ’
790 1786 846 1857 69ο

68 1863 120 1914 Res
136 1863 250 1929 placuit:
268 1863 383 1928 cultuque
400 1877 468 1912 novo
485 1861 545 1910 libet
559 1860 640 1912 Idibus
655 1862 714 1922 uti,

106 1937 139 1987 Et
157 1951 245 1986 canere
262 1934 292 1986 ad
308 1949 406 1986 veteres
422 1936 496 1985 verba
511 1933 594 1999 jocosa
609 1937 706 1986 modos.

68 2009 131 2062 Haec
146 2010 189 2060 ubi
204 2009 351 2076 perdocuit,
370 2007 484 2076 Superest
502 2007 561 2057 mihi
577 2008 690 2070 discere,
706 2007 755 2062 dixi
764 2043 774 2071 ,

108 2083 160 2134 Cur
174 2084 207 2136 sit
225 2081 389 2150 Quinquatrus
404 2083 444 2132 illa
458 2095 548 2133 vocata
564 2081 625 2133 dies.

70 2157 194 2217 Martius,
213 2157 309 2224 inquit,
324 2156 374 2224 agit
389 2156 433 2205 tali
447 2172 500 2205 mea
513 2155 612 2205 nomine
627 2155 706 2216 Μῦες
792 2156 845 2224 693

108 2230 195 2298 Estque
212 2231 255 2280 surb
270 2229 375 2278 inventis
388 2229 443 2278 haec
453 2245 558 2295 quoque
574 2230 644 2278 turba
662 2229 732 2284 meis.

70 2302 149 2355 Prima
165 2303 291 2353 terebrato
306 2319 350 2368 per
366 2317 420 2351 rara
436 2302 553 2352 foramina
569 2302 657 2360 buxo,
763 2342 766 2349 .

110 2377 146 2426 Ut
164 2377 234 2425 daret
249 2373 319 2424 ell'eci
337 2374 395 2424 tibia
410 2375 482 2442 longa
500 2375 582 2425 sonos.

70 2451 132 2508 Vo'x
147 2449 238 2515 placuit
250 2463 258 2498 e
271 2447 365 2514 liquidis
381 2448 469 2498 satiem
483 2447 646 2499 referentibus
659 2447 752 2513 undis,

109 2522 170 2576 Vidi
183 2521 303 2588 virgineas
318 2521 451 2572 intumuisse
464 2538 547 2589 genas.
794 2537 849 2589 7oo

72 2597 122 2650 Ars
137 2593 195 2644 milri
209 2611 258 2643 non
269 2595 329 2643 tanti
342 2595 385 2645 esi.
400 2595 510 2653 Valeas,
528 2595 583 2645 me‘a
594 2593 673 2656 tibia,
691 2596 751 2650 dixi.

88 2683 92 2689 ·
110 2667 209 2736 Excipit
223 2665 339 2732 abjesiam
356 2665 453 2733 caespite
465 2669 521 2734 ripa
536 2669 588 2720 suo.

71 2744 204 2796 Inventam
220 2741 322 2807 Satyrus
337 2737 437 2805 primdm
454 2741 553 2793 miratur
565 2757 576 2793 t
587 2753 613 2793 at
629 2742 696 2794 usum

110 2814 217 2873 Nescit,
237 2814 263 2864 bt
280 2813 384 2863 inflatam
398 2812 470 2868 sentit
484 2816 577 2866 babere
592 2817 685 2867 sonum.

75 2890 108 2943 Et
127 2885 201 2939 modd
216 2887 313 2938 dimittit
329 2887 426 2956 digitis,
444 2888 519 2940 modd
537 2889 645 2957 concipit
658 2905 729 2940 auras
738 2905 750 2950 ς
795 2907 848 2958 705

111 2963 214 3033 Jamque
231 2961 296 3016 inter
310 2963 436 3034 Nymphas
451 2973 505 3018 arte
519 2963 635 3036 superbus
650 2975 713 3017 erat.
754 2980 760 2990 ·

684 3035 710 3091 G
725 3053 743 3091 a
