1975 3700
194 222 270 297 232
317 202 359 269 P.
388 202 581 271 Orion
606 195 841 273 NAsonis

192 326 249 374 Non
260 323 332 389 igitur
341 322 385 372 tibi
395 338 460 371 nunt
471 355 479 379 ,
494 321 560 387 quod
570 338 608 371 me
619 320 704 371 domus
714 321 756 371 ista
766 324 876 389 recepit,

229 396 277 445 Sed
293 393 357 461 prius
372 394 463 444 ansioni
478 395 531 443 sunt
546 395 600 444 data
614 394 688 444 verba
702 406 759 443 tuo.

146 472 161 533 '3
166 486 181 535 5
191 470 246 519 Nec
255 469 309 518 data
319 468 381 526 sunt,
388 468 445 517 mihi
454 462 706 527 trede,tamen:sedin
715 466 898 521 omniomnis,

228 542 320 591 Ultima
334 542 354 591 si
369 543 469 599 demas,
485 542 537 591 vita
551 540 642 590 tuenda
655 556 709 590 mea
722 540 766 590 est.

191 614 261 665 Hanc
271 632 384 681 quoque,
395 614 441 679 qui
448 614 525 679 petii,
538 616 632 679 culpant
641 614 717 663 scelus
727 612 777 663 esse
785 614 899 680 negabis,

227 688 253 740 si
267 688 328 738 tanti
343 687 415 737 seties
430 688 461 737 sit
476 687 522 737 tibi
535 700 594 736 nota
608 686 673 735 mali.

190 758 242 810 Aut
258 760 347 817 timot,
364 772 406 809 aut
421 776 490 809 error
504 760 593 817 nobis,
610 759 676 824 prius
691 758 771 809 obfuit
785 774 866 808 error.

145 847 180 893 4ο
227 833 267 881 Ah
280 832 287 881 s
300 834 353 882 sine
368 849 408 882 me
420 832 464 881 sati
478 848 527 897 non
542 830 671 881 meminisse
685 831 752 881 mei!

188 906 260 957 Neve
277 905 428 955 retrastando
443 906 551 955 nondum
565 906 679 955 cosuntia
694 921 803 970 rumpant

224 980 354 1037 Vulnera,
368 979 410 1028 vix
423 979 471 1027 illis
486 978 597 1044 proderit
610 970 658 1044 ipsa
674 978 754 1043 quies.

188 1051 254 1118 Ergo
268 1064 296 1101 ut
309 1051 363 1117 jure
378 1052 461 1101 damus
475 1068 582 1117 poenas,
600 1051 635 1101 sic
650 1050 727 1099 ahsuit
741 1066 815 1101 omne

225 1124 329 1175 Peccato
345 1124 437 1175 facinus
453 1124 629 1189 consiliumque
644 1140 710 1178 tneo.

143 1209 176 1258 45
190 1195 266 1263 ldque
277 1198 347 1247 Deus
357 1197 429 1247 sentit
439 1213 447 1247 a
459 1213 504 1261 pro
515 1213 565 1263 quo
575 1213 622 1246 nec
632 1198 712 1245 lumen
722 1196 845 1245 ademtuni
855 1194 895 1252 est,

226 1270 279 1320 Nec
296 1270 353 1320 nihi
370 1268 487 1320 dettaskas
503 1270 612 1334 possidet
627 1272 689 1319 alter
704 1285 774 1334 opes.

187 1342 299 1393 Forsitan
314 1344 375 1393 hanc
391 1342 482 1409 ipsam,
500 1343 569 1393 vivat
582 1343 657 1392 mods>
669 1343 675 1391 Ξ
688 1340 757 1391 finiet
774 1342 850 1400 olim,

223 1416 347 1481 Tempore
364 1412 416 1467 etim
433 1415 509 1467 suerit
524 1416 602 1465 lenior
618 1416 672 1473 ira,
690 1416 780 1481 sugam.

165 1538 171 1545 ,
186 1489 257 1539 Nunc
273 1504 361 1553 precor
377 1488 434 1539 hinc
449 1486 498 1539 atih
512 1487 595 1554 jubeat
612 1488 756 1546 discedere,
774 1488 796 1539 si
811 1504 861 1537 non

144 1574 176 1621 50
224 1561 310 1612 Nostra
326 1561 468 1614 verecundo
484 1573 543 1613 tota
558 1562 653 1628 pudore
670 1574 763 1611 carent.

186 1632 273 1685 Mitius
288 1634 397 1699 exsilium
409 1667 416 1692 ,
432 1636 554 1700 pauloque
568 1636 744 1701 propinquius,
761 1648 844 1700 optut

221 1705 320 1773 Quique
334 1707 366 1759 sit
380 1726 395 1757 a
410 1707 473 1757 saevo
490 1706 585 1777 longius
600 1708 687 1766 hoste,
703 1711 794 1757 locutu.

185 1777 331 1846 Quantaque
347 1782 372 1831 in
387 1780 497 1847 Augusto
511 1782 659 1839 elementia,
677 1780 697 1831 si
714 1780 767 1847 quis
783 1782 815 1829 ab
830 1780 873 1828 illo

222 1852 278 1903 Hoc
293 1865 390 1919 peteret
405 1870 450 1918 pro
464 1870 522 1913 ine,
541 1855 644 1906 forsitan
659 1855 702 1904 isse
720 1855 799 1904 daret.

143 1940 174 1988 55
187 1925 282 1992 Frigida
298 1941 336 1976 me
354 1927 471 1976 cohibent
488 1927 575 1978 Euxini
589 1929 659 1978 litora
676 1926 767 1977 Ponti:

220 1998 308 2048 Disius
322 1999 352 2048 ab
366 1999 469 2064 antiquis
484 1999 585 2050 Axenus
601 1987 644 2050 itle‘
656 2000 714 2049 suit.

177 2071 247 2121 Nam
263 2086 343 2136 neque
357 2070 476 2137 jusiantor
490 2073 621 2123 moderatis
637 2088 735 2140 equora
749 2072 831 2124 ventis
845 2089 853 2122 ε

221 2144 275 2193 Nec
291 2143 399 2210 placidos
413 2149 500 2210 postus
515 2145 609 2210 hospita
624 2147 691 2196 navis
704 2146 763 2196 adit.

183 2215 244 2268 Sunt
255 2218 318 2267 circa
331 2231 430 2284 gentes,
445 2235 498 2284 quae
508 2218 611 2283 predam
621 2218 733 2285 sanguine
743 2230 856 2285 quaerant
866 2234 875 2268 t

139 2286 173 2338 60
224 2291 278 2340 Nec
294 2290 371 2342 minus
389 2289 540 2344 infidsttetra
552 2291 652 2341 timetur
668 2292 739 2358 aqui.

182 2362 238 2422 isli,
256 2380 316 2429 quos
333 2364 401 2414 audis
417 2364 540 2414 hominum
554 2364 659 2430 gaudere
677 2381 785 2422 cruore,

218 2435 291 2486 Paene
308 2437 349 2487 sub
364 2435 473 2503 ejusdem
488 2437 573 2487 sideris
589 2454 635 2486 axe
650 2436 741 2503 jacent.

181 2509 236 2560 Nec
251 2510 337 2573 procus
352 2526 366 2558 a
383 2511 452 2560 nobis
467 2510 537 2560 locus
553 2509 607 2568 esi,
625 2511 665 2558 uhi
680 2510 784 2560 Taurica
800 2508 852 2560 dira

219 2581 292 2631 Caede
307 2581 452 2646 pharetrate
467 2582 570 2649 pascitur
586 2600 625 2633 ara
640 2580 711 2632 Deae'.

136 2653 169 2716 65
183 2654 245 2706 Haec
254 2651 319 2721 ptit'ts
330 2686 338 2713 ,
356 2667 383 2704 ut
393 2668 528 2706 memorant
538 2689 546 2714 ,
558 2673 608 2715 non
617 2655 732 2706 invidiosa
742 2655 852 2706 nefandis
863 2686 873 2712 ,

175 2743 180 2750 ·
217 2729 272 2779 Nec
289 2728 405 2794 cupienda
421 2728 510 2788 bonis,
527 2746 601 2796 tegna
616 2729 734 2778 Thoantis
748 2742 828 2780 etant.

180 2799 229 2852 Hic
245 2819 291 2868 pto
308 2801 429 2868 suppositi
445 2802 516 2868 virgo
533 2801 649 2866 Pelopeia
666 2801 739 2856 cotuh

217 2875 291 2926 Sacra
305 2874 368 2926 Deae
384 2875 460 2926 <oluit
474 2874 659 2944 qualiacumque
674 2875 731 2926 suat.
