1975 3700
194 239 269 338 358
309 236 350 307 P.
378 227 571 319 Ογιυιι
596 234 826 303 ΝΑεοΝιε

303 485 741 551 ΕΡιετοιΑΧ.·

211 606 765 684 ,ΑιΒιΝονΑΝα
869 593 873 599 ’

194 723 308 841 Hic
323 789 381 840 mihi
397 786 530 841 Cimmerio
547 789 584 840 bis
601 789 674 840 tertia
690 785 789 838 ducitur
804 784 876 839 aestas

228 863 331 921 Litore,
350 864 450 929 pellitos
467 865 532 914 inter
547 863 641 930 agenda
661 861 750 913 Getae.

193 935 290 1001 Ecquos
304 947 333 986 tu
348 938 447 997 cilices,
466 937 582 1002 ecquod,
600 936 741 992 carissime,
756 933 852 984 serrum
946 957 947 962 =

229 1009 332 1059 Duritiae
350 1011 467 1068 confers,
487 1009 660 1067 Albinovane,
679 1005 762 1058 meae?

170 1099 183 1148 5
197 1082 276 1132 Gutta
291 1097 361 1133 cavat
376 1083 499 1149 lapidem,
519 1083 667 1132 consumitur
678 1081 781 1131 annulus
796 1079 864 1140 usu,

231 1156 262 1204 Et
277 1155 365 1206 teritur
379 1155 461 1222 pressi
476 1171 564 1206 vomer
579 1155 686 1207 aduncus
701 1151 785 1204 humo.

193 1228 303 1294 Tempus
316 1229 378 1279 edax
392 1230 484 1296 igitur,
499 1242 590 1296 praeter
605 1247 649 1278 nos
661 1261 669 1286 ,
686 1227 766 1278 omnia
780 1220 896 1292 perdetl

230 1300 311 1351 cessat
327 1302 413 1352 duritia
429 1301 501 1352 Mors
517 1319 613 1370 quoque
630 1301 690 1352 visla
707 1299 772 1350 meb.

194 1375 337 1440 Exemplum
352 1375 386 1424 ess
402 1376 474 1425 animi
490 1375 589 1426 nimidm
605 1374 718 1440 patientia
734 1371 857 1440 Ulyll‘es,

154 1466 184 1513 lo
231 1445 335 1498 Jallatur
352 1449 427 1506 dubio
443 1465 489 1514 per
505 1449 555 1499 duo
571 1447 642 1498 lustra
654 1447 723 1497 mari.

193 1520 318 1586 Tempora
334 1520 422 1571 soliciti
439 1522 480 1571 sed
496 1539 546 1572 non
563 1533 644 1572 tamen
658 1519 738 1569 omnia
754 1517 800 1568 sati

231 1592 335 1643 Pertulit
344 1610 354 1652 i
373 1594 400 1644 δι
415 1594 516 1660 placidae
534 1595 594 1660 saepe
610 1595 679 1645 luere
695 1609 780 1643 more.

195 1667 235 1717 An
251 1681 326 1732 grave
342 1665 385 1716 sex
401 1668 469 1717 annis
485 1668 610 1733 pulchram
624 1665 707 1717 fovisse
725 1663 856 1733 Calypso,

232 1737 411 1808 AEquoreaeque
428 1740 475 1791 suit
490 1739 643 1791 concubuisse
661 1736 746 1790 Dea?

154 1830 184 1879 ις
197 1813 295 1879 Excipit
307 1811 479 1879 Hippotades,
492 1813 537 1882 qui
553 1814 593 1865 dat
603 1829 649 1881 pro
664 1827 764 1875 monere
780 1819 891 1871 ventos,

236 1886 330 1937 Curvet
343 1898 371 1937 ut
385 1886 501 1953 impulsos
515 1887 581 1939 utilis
596 1904 653 1937 aura
669 1888 744 1937 sinus.
898 1942 903 1947 ,

196 1962 250 2009 Nec
267 1961 332 2009 bene
346 1971 472 2010 cantantes
488 1962 557 2010 labor
575 1960 609 2011 esl
622 1958 710 2011 audisse
726 1958 821 2027 puellas
836 1972 847 2017 ς

233 2033 286 2081 Nec
304 2032 437 2099 degustanti
454 2033 520 2083 lotos
538 2050 616 2084 amara
633 2032 691 2083 suit.

196 2104 250 2154 llos
264 2120 336 2171 ego,
354 2104 396 2171 qui
410 2106 496 2171 pattiae
513 2107 602 2157 saciant
618 2105 725 2164 oblivia,
743 2103 832 2155 succos

154 2197 188 2230 20
237 2176 307 2227 Parte
325 2194 387 2228 meae
403 2178 479 2239 vitae,
497 2180 517 2230 si
533 2178 606 2231 modb
623 2180 730 2238 dentur,
749 2194 839 2228 emam.
899 2235 903 2243 ,

153 2300 157 2306 ,
198 2252 253 2300 Nec
266 2262 293 2301 tu
308 2252 440 2303 contuleris
456 2254 541 2303 urbem
558 2251 720 2321 Lestrygonls
734 2265 849 2316 umquam

236 2324 377 2385 Gentibus,
396 2326 494 2391 obliqui
511 2342 568 2392 quas
588 2327 639 2377 obit
656 2325 715 2377 liler
729 2323 801 2391 aqud.

192 2398 254 2447 »Nec
270 2399 354 2449 vincet
369 2398 456 2449 sevum
472 2398 582 2467 Cyclops
599 2398 697 2449 feritate
712 2396 848 2464 Phyacen,

186 2515 188 2521 .
236 2470 286 2535 Qui
302 2484 375 2537 quota
389 2472 490 2523 terroris
506 2488 561 2538 pars
577 2472 639 2522 solet
657 2471 704 2523 else
719 2468 788 2520 mei!
889 2524 899 2537 ⁵

154 2560 186 2609 25
201 2544 282 2610 Scylla
292 2544 350 2594 letis
360 2557 448 2596 trunco
459 2546 525 2612 quod
535 2548 607 2597 latrat
616 2546 641 2595 in
652 2544 750 2613 inguine
761 2539 871 2593 monstris
882 2554 893 2601 ς

236 2617 370 2668 Heniochae
386 2619 463 2669 nautis
478 2620 533 2684 plus
551 2634 660 2669 nocuere
675 2630 751 2668 rates.

200 2692 254 2741 Nec
270 2702 342 2756 potes
356 2691 445 2741 infestis
460 2692 573 2743 conserte
591 2690 730 2759 Charybdin
746 2686 866 2747 Achaeis,

236 2764 288 2813 Ter
302 2763 361 2819 licet
378 2775 479 2829 epotum
494 2777 534 2831 ter
550 2778 633 2815 vomat
649 2766 690 2813 illa
707 2763 807 2813 fretum.

202 2836 253 2902 Qui
270 2853 410 2903 quamquam
424 2836 510 2887 dextri
525 2838 627 2907 regione
645 2834 757 2887 licentiis
772 2844 869 2893 errant,

159 2922 193 2974 3o
240 2911 357 2961 Securum
371 2910 436 2964 latus
449 2910 498 2961 hoc
517 2927 567 2963 non
583 2923 665 2963 tamen
680 2907 726 2961 elle
743 2907 836 2961 sinunt.
