1975 3700
213 270 285 341 192
335 246 375 317 P.
401 248 594 319 Ονιυιι
620 246 856 318 ΝΑεοΝιε

153 368 155 371 ’
207 368 255 419 Sed
274 382 353 433 neque
369 383 407 415 me
424 378 504 434 nuptae
520 367 656 415 didicerunt
673 368 737 417 furta
751 368 890 437 magistro:
977 395 978 426 r

243 440 367 505 Quodque
382 456 466 503 purum
482 440 570 497 novit,
590 457 663 489 nemo
679 440 769 491 docere
785 442 882 509 potest.
977 481 978 490 ,

208 514 247 564 sn
265 530 312 581 ego
331 512 447 570 aeneus,
468 511 494 562 u
511 514 592 563 moun
608 513 712 563 carmina
729 515 797 573 secr,
836 524 840 531 ·
977 495 978 546 t

147 608 198 659 350
246 586 373 636 Striuxerit
388 597 415 635 ut
432 602 521 634 nomen
536 586 615 635 sabula
630 588 696 636 nulla
713 604 803 637 meum.

207 662 262 711 Nec
278 660 401 725 quisquam
420 658 453 707 esi
467 658 529 708 adeo
547 659 625 709 medii
641 660 671 710 de
686 662 758 725 plebe
777 660 910 722 maritus,
976 653 978 702 i

245 734 281 783 Ut
298 732 382 783 dubius
399 731 461 781 vitio
480 733 511 781 sit
527 745 597 799 pater
611 733 655 782 ilie
672 750 738 783 meo.

209 806 290 857 Crede
305 805 382 863 mihi;
400 821 481 855 mores
499 805 583 855 distant
598 822 611 854 a
626 808 732 855 carmine
746 806 835 856 nostri:

245 879 304 929 Vita
320 878 458 929 verecunda
475 878 529 937 est,
548 878 618 928 Musa
635 876 737 944 jocosa,
758 880 825 928 mihi.

148 970 179 1023 35
186 972 197 1021 5
212 954 349 1019 Magnaque
360 966 413 1018 pars
424 968 525 1017 operum
536 984 544 1010 ,
556 952 658 1001 mendax
669 953 694 1003 &
704 950 756 1002 fida
767 986 775 1011 ,
789 967 909 1005 meorum

248 1026 304 1076 Plus
319 1026 363 1075 sibi
377 1024 483 1091 permisit
500 1026 666 1091 compositore
683 1021 738 1076 suo(

211 1098 337 1151 Neciiber
347 1098 460 1149 indicium
473 1098 506 1147 est
516 1100 587 1161 animi
600 1134 607 1157 ,
622 1099 663 1149 sed
672 1096 769 1148 honesta
783 1098 905 1165 voluptas
918 1131 928 1156 ,

246 1173 349 1223 Plurima
365 1172 498 1221 mulcendis
511 1172 609 1223 auribus
626 1184 683 1239 apta
698 1172 789 1221 ferens.

212 1247 300 1297 Accius
315 1244 373 1294 esset
389 1258 478 1303 atrox,
500 1241 603 1295 conviva
619 1245 751 1295 Terentius
766 1244 844 1303 edet,

150 1323 201 1389 360
249 1318 328 1369 Essent
342 1334 481 1385 pugnaces,
500 1318 540 1385 qui
552 1318 603 1369 sera
615 1320 681 1367 bella
696 1329 793 1367 canunt.

211 1392 326 1458 Denique
345 1392 467 1457 composui
483 1403 583 1443 teneros
600 1408 650 1441 non
666 1392 730 1442 solus
745 1406 865 1450 amores;

248 1464 393 1529 Composito
409 1480 492 1531 poenas
510 1465 573 1514 solus
590 1480 671 1514 amore
690 1464 754 1514 dedi.

211 1538 299 1603 Quid,
313 1536 357 1587 nisi
373 1554 426 1587 cum
442 1539 519 1587 multo
534 1540 659 1590 Venerem
675 1536 823 1588 contundere
837 1534 900 1587 vino
915 1572 925 1596 ‚

247 1609 365 1677 Praecepit
382 1604 463 1678 Lyriri
480 1608 544 1659 Teia
561 1610 632 1661 Musa
645 1610 733 1661 senis?

150 1687 199 1755 365
212 1684 299 1735 Lesbia
316 1683 373 1751 quid
384 1682 470 1734 'docuit
486 1684 603 1750 Sappho,
622 1684 667 1734 nisi
682 1700 781 1741 amare,
801 1681 925 1750 puellas?

247 1758 313 1807 Tuta
328 1766 408 1813 tamen
425 1758 540 1823 Sappho,
558 1758 669 1807 tutus&
687 1757 727 1807 ille
744 1756 798 1805 fuir.

211 1833 265 1882 Nec
281 1830 344 1889 tibi,
363 1830 491 1886 Battiade,
512 1830 595 1880 nocuit
605 1866 612 1890 ,
622 1832 695 1897 ‘quod
709 1830 772 1897 saepe
789 1828 886 1898 legenti

248 1905 355 1955 Delicias
372 1905 441 1954 versu
456 1903 526 1954 fassus
542 1921 567 1955 es
582 1905 632 1970 ipse
645 1917 707 1954 tuas.
847 1954 851 1960 ,

211 1977 299 2028 Fabula
314 1975 413 2042 jucundi
430 1979 496 2026 nniln
511 1976 610 2028 estsine
627 1993 709 2027 amore
726 1974 878 2027 Menandri:

151 2068 202 2119 370
250 2051 282 2101 Et
296 2050 357 2100 solet
373 2051 411 2099 hic
425 2051 506 2117 pueris
523 2052 700 2118 virginibusque
715 2051 773 2120 legi.

212 2124 267 2175 ilias
282 2124 329 2190 ipsa
341 2124 397 2192 quid
415 2123 468 2183 est,
488 2123 532 2173 nisi
547 2125 624 2189 turpis
639 2125 766 2182 adultera,
788 2122 818 2172 de
834 2136 883 2188 qua

247 2197 315 2268 inter
332 2207 462 2248 amatorem
478 2213 557 2266 pugna
572 2199 697 2265 virumque
713 2191 784 2248 fun?

211 2270 278 2336 Quid
295 2272 359 2338 prius
376 2271 408 2322 ess
423 2272 458 2321 ilii
475 2269 568 2324 flammi
585 2262 757 2338 Chryseidos?
776 2280 854 2335 utque

249 2346 345 2396 Fecerit
362 2347 436 2394 iratos
452 2352 523 2412 rapta'
536 2345 616 2411 puella
633 2340 730 2414 duces?

150 2435 184 2488 37
188 2435 201 2486 5
214 2416 264 2469 Aut
276 2419 331 2485 quid
344 2417 449 2485 Odyssea
459 2417 507 2476 est,
518 2419 563 2467 nisi
574 2417 676 2476 femina,
685 2427 786 2484 propter
795 2431 922 2474 amorem,

248 2493 313 2547 Dum
330 2492 367 2540 vir
380 2491 462 2552 abest,
482 2491 563 2542 multis
580 2507 625 2542 una
640 2492 717 2557 petita
732 2491 813 2556 procis
826 2487 841 2557 ἒΙ

211 2563 292 2628 Quis,
306 2565 349 2612 nisi
363 2565 512 2624 Maeonides,
528 2565 653 2615 Venerem
664 2565 817 2628 Martemque
828 2559 920 2628 iigatos

249 2639 354 2694 Narrat,
373 2639 396 2686 in
413 2639 518 2688 obsceno
535 2655 638 2703 corpora
653 2635 738 2704 prensa
753 2633 833 2686 toro?

213 2711 305 2770 Unde,
323 2711 368 2760 nisi
385 2711 474 2760 indicio
489 2711 568 2778 magni
584 2711 696 2761 sciremus
713 2708 833 2765 Homeri,

150 2785 201 2852 380
249 2784 354 2851 Hospitis
368 2785 423 2854 igne
439 2783 630 2834 duasincaiuisi'e
643 2781 733 2834 neas?

212 2859 292 2909 Omne
307 2875 381 2926 genus
399 2857 479 2924 scripti
493 2857 611 2925 gravitate
626 2849 755 2926 Tragoedia
769 2852 867 2902 vincit:

246 2931 309 2983 Haec
323 2941 419 3000 quoque
434 2932 557 2983 materiam
572 2929 663 2997 semper
679 2928 765 2981 amoris
779 2927 881 3050 habet,N

885 3013 926 3046 am
