1975 3700
171 257 682 330 Tursrruuurm.
732 279 804 352 25¹

96 377 213 429 Tristitia
228 376 320 428 causam
332 378 353 429 si
368 378 422 443 quis
438 376 588 444 cognoscere
602 378 708 443 querit3

137 449 239 502 Ostendi
257 451 330 502 solem
346 451 449 517 postulat
463 452 506 502 ilie
522 451 576 502 sibi.

98 524 155 574 Nec
172 525 283 576 frondem
300 524 324 574 in
338 526 424 584 silvis,
441 541 486 576 nec
502 536 588 591 aperto
600 523 683 575 mollia
697 535 767 589 prato
851 527 855 536 ’

137 595 274 656 Gremina,
290 613 336 648 nec
352 600 426 664 pleno
440 597 539 648 flumine
554 597 632 647 cernit
647 614 730 663 aquas.
820 611 854 649 10

97 667 167 736 Quid
185 669 290 722 Priamus
308 671 408 730 doleat,
427 671 570 729 mirabitur,
585 668 693 720 Hetiore
706 680 799 734 rapt03

136 741 237 806 Quidve
249 742 396 795 Phuouetes
411 744 471 794 iiius
488 745 519 794 ab
532 758 611 810 angue
628 755 717 810 gemat.

98 814 134 868 Di
151 816 262 868 fecerent
277 817 386 876 utinam,
406 818 460 868 talis
474 817 546 866 status
561 816 620 866 effet
636 817 661 866 in
677 816 739 875 ilio,

137 889 175 940 Ut
192 906 241 940 non
256 889 354 942 tristitia
370 890 439 940 cause
456 890 561 940 dolende
575 890 651 940 foret.

98 963 159 1014 Fert
174 975 271 1024 tamen,
287 975 314 1013 ut
331 963 421 1022 debet,
437 963 504 1014 casus
520 963 641 1030 patienter
658 977 769 1014 amaros:
822 977 853 1027 15

137 1034 213 1087 More
229 1053 275 1087 nec
288 1036 400 1087 indomiti
418 1037 486 1088 frena
500 1034 593 1086 recusat
611 1034 677 1102 equi.

98 1109 156 1162 Nec
173 1109 227 1160 fore
243 1121 384 1176 perpetuam
398 1110 476 1176 sperat
492 1109 539 1160 sibi
553 1109 654 1160 numinis
668 1109 748 1168 irem,

137 1181 255 1234 Conscius
270 1184 296 1232 in
311 1183 382 1250 culpi
397 1199 446 1234 non
461 1183 539 1234 scelus
553 1181 601 1232 effe
618 1181 667 1233 sui·

100 1255 173 1322 Saepe
188 1257 284 1316 refert,
300 1255 331 1308 sit
347 1268 435 1324 quante
448 1256 499 1307 Dei
514 1255 643 1306 clementie
657 1271 665 1306 τ
678 1252 747 1319 cujus

137 1329 170 1379 Se
187 1345 284 1398 quoque
300 1329 325 1379 in
340 1331 457 1396 exemplis
475 1345 633 1379 annumerare
650 1328 722 1378 solet.
821 1341 855 1377 2o

99 1403 164 1454 Nam
174 1403 239 1471 quod
250 1418 310 1469 opes
319 1415 404 1454 tenent
414 1402 502 1470 patrias
513 1408 523 1462 ,⁴
538 1402 605 1469 quod
613 1402 710 1452 nomina
720 1399 780 1450 civis
790 1432 800 1459 ‚

137 1475 252 1542 Denique
268 1478 334 1543 quod
348 1477 435 1536 vivat,
454 1491 540 1526 munus
555 1477 645 1524 iubere
660 1475 720 1525 Dei.

100 1549 141 1599 Te
154 1546 288 1609 tamensi>
302 1549 309 1598 !
324 1549 344 1600 si
359 1549 416 1616 quid
431 1549 508 1599 credis
522 1547 691 1608 minitarier,
706 1548 766 1607 iile,

108 1658 110 1662 -
140 1622 279 1682 Omnibus,
297 1623 323 1673 in
340 1634 395 1672 toto
408 1623 506 1688 peiiore
521 1621 614 1685 semp'er
627 1621 710 1671 hebet.

100 1695 190 1762 Teque
206 1695 396 1755 Menoetirden‚
415 1709 441 1746 te
459 1695 500 1761 qui
516 1693 644 1745 comitavit
659 1691 783 1751 Oresten,
822 1706 854 1755 25

138 1769 177 1818 Te
193 1783 266 1820 vocat
283 1767 408 1837 AEgiden,
426 1769 604 1835 Euryalumque
621 1766 697 1816 suum.

100 1843 156 1894 Nec
173 1843 273 1909 patriam
288 1843 362 1911 magis
378 1843 419 1894 ilie
434 1842 499 1893 suam
516 1841 659 1899 desiderat,
677 1840 703 1891 δι
715 1855 769 1906 que

128 1914 242 1975 ,Plurima
256 1933 309 1967 cum
324 1916 402 1983 patrii
418 1916 489 1967 sentit
503 1913 581 1965 abesse
598 1913 658 1971 su53

101 1988 182 2055 Quint
200 1992 280 2041 vultus
297 1991 431 2056 oculosque
447 2003 521 2048 tuos,
539 1985 743 2039 oidulciorillo

139 2061 239 2121 Melle,
258 2064 324 2128 quod
340 2063 364 2111 in
381 2062 443 2113 ceris
460 2062 544 2113 Attice
560 2060 629 2125 ponit
645 2058 718 2125 episi
772 2076 776 2085 ·
825 2070 861 2122 30

101 2135 172 2202 Saepe
186 2137 258 2187 etiem
272 2150 375 2187 maerens
388 2148 483 2201 tempus
500 2133 658 2185 reminiscitur
672 2131 751 2190 iilud,

139 2207 217 2273 Quod
232 2226 282 2259 non
297 2220 448 2275 preventum
463 2219 543 2257 morte
557 2204 625 2256 fuiffe
642 2206 720 2255 dolet.

102 2280 216 2347 Cumque
230 2282 272 2331 elii
286 2282 400 2348 fugerent
416 2281 500 2332 subitae
513 2278 625 2345 contagia
640 2278 735 2335 cladis,

135 2356 195 2415 ¹Nnc
211 2357 305 2406 vellent
321 2355 372 2405 ieta
387 2354 461 2405 limen
474 2353 542 2403 adire
557 2350 663 2409 domiin

101 2427 141 2479 Te
160 2427 206 2479 sibi
222 2444 277 2480 cum
291 2427 374 2495 paucis
391 2428 501 2477 meminit
514 2424 621 2477 mansiffe
635 2423 753 2473 fidelem:
828 2432 861 2484 35
907 2486 911 2491 .

140 2500 168 2551 Si
182 2518 276 2567 paucos
293 2501 377 2567 aliquis
393 2512 475 2554 tresve
492 2500 585 2551 duosve
600 2509 683 2547 vocat.

103 2571 227 2639 Quamvis
243 2575 382 2634 attonitus,
400 2575 474 2626 sensit
489 2584 573 2623 tamen
587 2572 667 2623 omnia
681 2585 689 2622 ι
703 2585 748 2621 nec
765 2580 792 2619 te

141 2647 174 2698 Se
193 2647 271 2699 mimis
288 2648 395 2701 adversis
413 2646 539 2697 indoluiss'e
556 2646 613 2697 suis.

106 2722 191 2777 Verba
206 2721 270 2773 solet
281 2742 292 2781 ,·
302 2722 444 2787 vultumque
460 2732 548 2777 tuum,
561 2718 712 2786 gemiturque
723 2715 815 2767 referre
828 2729 835 2763 τ

140 2793 193 2854 Et,
210 2807 236 2845 te
251 2795 345 2851 flente,
364 2793 418 2846 suos
434 2790 579 2843 immaduiffe
596 2792 672 2842 sinus.
828 2802 865 2849 40

104 2866 190 2933 Quem
208 2867 252 2919 sibi
266 2867 422 2935 prestiteris.
440 2866 487 2934 qui
502 2865 638 2917 consolatus
653 2861 755 2913 nmirum

143 2940 181 2997 Sis
197 2949 271 3010 op'e5
290 2941 401 2996 solandum
416 2939 470 2995 ciem
484 2939 555 2994 simui
570 2938 621 3006 ipse
636 2938 712 2989 iores.

722 3004 783 3073 ij
