1975 3700
251 266 742 347 FRAGMENTA..
807 282 880 358 391

139 383 237 436 'Seneca
249 379 400 449 Controverf.
418 395 450 432 x.
467 379 509 430 Ex
519 381 705 430 Declamatione
720 379 804 432 Ovidii
820 401 880 449 qute-

106 460 161 508 dam
178 460 225 508 iaec
238 456 359 524 producit.
379 455 502 520 Quicquid
517 455 606 504 laboris
621 454 672 513 esi,
689 455 714 504 in
726 455 773 504 hoc
787 456 838 516 est,
856 469 886 508 ut

107 533 180 582 uxori
196 531 291 589 virum,
311 529 337 579 δι
353 530 407 579 viro
424 543 544 586 uxorem,
564 527 663 596 diligere
681 528 812 580 concedas.
830 531 885 580 Ne·

107 605 172 656 ceffe
188 603 222 654 est
236 600 343 662 deinde,
359 601 441 670 jurate
453 601 580 668 permittat
592 634 600 660 ,
614 601 635 650 si
642 615 725 652 emate
739 603 885 668 permiserit.

107 678 186 744 Quod
202 675 308 726 habuifl'e
323 693 369 726 nos
385 673 552 742 jusjurandum
567 672 663 740 putati
683 673 724 724 Tu
740 677 810 725 nobis
826 677 886 727 reli·

107 751 201 818 giosum
212 765 300 799 nomen
314 748 385 800 soisii.
401 747 427 798 Si
436 747 610 807 mentiremur,
626 747 666 797 iila
681 747 727 797 sibi
740 749 825 800 itatem
839 766 884 816 pa-

105 837 172 874 trem
189 822 331 882 invocavit,
351 838 399 890 ego
419 821 538 872 socerum.
558 819 653 879 Parce,
674 833 771 886 pater:
791 839 884 888 parce,

107 897 179 947 socer
192 913 201 947 t
216 911 266 947 non
279 893 450 961 pejeravimus.
465 895 532 946 Ecce
548 892 690 960 objurgator
702 893 800 954 noster,
814 900 884 962 quim

107 969 229 1021 effrenato
241 984 324 1018 amore
338 968 415 1018 fertur
427 967 434 1017 i
447 983 589 1035 quamquam
604 965 651 1016 elie
666 964 739 1016 liliam
754 969 882 1034 preceris:

107 1059 191 1093 carum
207 1042 325 1108 quidem,
344 1042 410 1107 quod
425 1042 492 1090 illum
509 1043 539 1089 ab
554 1039 702 1107 indulgentia
720 1039 760 1089 sua
782 1054 883 1094 avocet.

107 1117 145 1167 Di
165 1117 224 1166 boni
237 1115 244 1164 i
263 1115 387 1182 quomodo
402 1114 444 1163 hic
459 1113 549 1162 amovit
570 1110 694 1163 uxorem?
712 1125 775 1163 amat
791 1112 883 1176 filiam,

110 1191 138 1241 ἕ(
153 1188 250 1238 abdicat
265 1204 273 1238 t
290 1187 357 1237 dolet
373 1187 532 1254 periclitatam
548 1185 614 1244 esse,
633 1186 657 1237 bt
675 1186 705 1236 ab
721 1202 752 1236 eo
768 1187 883 1249 abducit,

108 1264 164 1314 sine
187 1277 236 1329 quo
258 1274 332 1328 negat
353 1260 377 1311 se
397 1260 464 1326 poll'e
486 1260 570 1330 nivere
591 1274 600 1307 .·
620 1260 728 1325 queritur
748 1261 884 1325 perictioni

49 1388 54 1393 ,
107 1335 184 1402 ejus,
200 1334 248 1401 qui
263 1349 333 1401 paene
349 1335 425 1384 caruit
441 1333 481 1383 hic
500 1333 541 1398 qui
555 1349 635 1382 amare
653 1331 722 1382 caute
737 1332 817 1399 jubet.
836 1336 885 1386 ra-

82 1435 88 1444 ,
111 1407 180 1460 cilitis
201 1409 228 1457 in
250 1423 332 1457 amore
349 1405 421 1474 finem
434 1406 573 1471 impetres,
596 1407 666 1472 quim
689 1406 786 1455 modum
804 1423 812 1458 t
830 1419 883 1460 tum

109 1483 156 1532 hos
173 1481 242 1548 ponis
254 1478 390 1538 terminos,
406 1491 433 1529 ut
449 1479 509 1528 nihil
522 1478 632 1536 iaciant,
647 1477 693 1528 nisi
708 1479 882 1542 consideratit

109 1554 171 1604 nihii
186 1554 349 1620 promittant,
370 1553 415 1602 niti
431 1563 458 1601 ut
471 1550 510 1617 jus
527 1551 634 1610 saiiuril
654 1551 734 1601 omnia
748 1551 823 1604 verba
843 1572 883 1605 ra-

109 1630 178 1680 tione
194 1627 221 1678 δι
236 1625 285 1676 fide
301 1625 446 1692 ponderent.
461 1625 539 1675 Senes
554 1625 589 1674 tic
603 1635 692 1676 amant.
709 1624 787 1678 Pauca
802 1626 883 1689 nosti,

109 1714 180 1768 pater
191 1733 203 1758 ,
213 1700 328 1749 crimina:
340 1699 367 1748 bt
380 1699 526 1766 litigavimus
540 1697 685 1766 aliquando,
698 1697 724 1748 δι
735 1687 884 1762 ccciiimu53

111 1775 139 1826 bt
161 1772 276 1831 sortasse,
298 1771 363 1840 qood
382 1788 432 1822 non
449 1783 543 1839 putat,
563 1769 736 1838 pejeravimot.
761 1771 833 1836 Quid
852 1775 883 1826 ad

109 1861 191 1915 patres
205 1847 332 1913 pertinet,
349 1845 415 1912 quod
431 1858 539 1896 amantes
552 1841 656 1910 jurent?
675 1844 696 1895 ti
710 1845 747 1895 vis
763 1846 883 1910 credere,

110 1938 158 1972 neo
173 1920 203 1971 ad
213 1920 284 1971 Deos
298 1919 413 1984 pertinet.
426 1920 483 1969 Non
497 1917 531 1969 esi
544 1918 610 1985 quod
623 1918 667 1967 tibi
680 1918 793 1983 placeat,
805 1911 884 1982 uxor,

109 2008 230 2061 tamqnam
244 1992 319 2060 prima
335 1992 476 2059 peccaveris
488 2008 497 2042 :
508 1993 580 2059 petiit
595 1991 673 2058 aliqua
689 2008 743 2041 cum
758 1993 827 2053 viro,
841 2012 885 2061 pe-

109 2068 152 2119 riit
170 2068 249 2135 aliqua
267 2083 314 2132 pto
331 2066 409 2116 viro:
429 2065 482 2115 illas
501 2077 582 2115 tamen
601 2064 680 2115 omnis
697 2076 754 2115 aetas
776 2066 885 2118 honora-

110 2143 166 2198 bit,
182 2156 253 2192 omne
267 2139 400 2189 celebrabit
412 2138 544 2205 ingenium.
559 2139 578 2189 F
580 2153 625 2196 er,
641 2137 728 2197 socer,
740 2139 885 2193 felicitatem
938 2174 943 2185 ι

111 2226 177 2264 tuam
194 2231 202 2264 c
217 2229 328 2280 magnum
343 2212 388 2261 tibi
404 2215 473 2278 qutm
488 2226 563 2276 parvo
579 2210 671 2261 constat
688 2214 822 2279 exemplum
838 2214 884 2275 lin

106 2288 230 2353 ,reliquum
241 2284 406 2353 diligentiores
415 2284 471 2335 fatti
480 2285 559 2335 sumus
572 2298 580 2334 t
592 2300 698 2334 errorem
710 2286 814 2336 noslrum
826 2304 886 2339 con·

110 2359 209 2411 ficemur
223 2374 231 2409 t
247 2358 371 2410 exciderat
390 2355 544 2424 jurantibus,
567 2356 614 2408 elie
631 2358 730 2408 tertium
747 2357 788 2426 qui
810 2363 886 2429 magis

111 2445 204 2483 amaret
214 2448 222 2483 t
234 2433 269 2483 tic
278 2466 286 2492 ,
296 2430 331 2482 Di
342 2463 350 2490 ,
363 2430 394 2481 tit
410 2430 503 2496 semper
516 2431 522 2479 !
537 2429 682 2489 Persevera,
700 2432 787 2491 socer;
801 2436 886 2501 recipe

112 2504 186 2556 filiam
200 2522 208 2557 τ
220 2521 287 2573 ego,
307 2505 347 2572 qui
362 2504 485 2569 peccavi,
508 2502 580 2569 poeni
598 2503 683 2570 dignus
700 2504 749 2553 sum
768 2521 775 2555 t
793 2523 884 2571 quare,

112 2595 191 2629 uxore
208 2578 313 2635 necati,
332 2578 417 2628 socero
432 2576 501 2627 causa
516 2578 559 2637 sim
574 2574 706 2626 orbitatis?
723 2576 851 2628 Discedam
869 2597 886 2631 e

115 2651 215 2701 civitate
228 2651 335 2718 :logiam
349 2666 357 2701 t
372 2650 485 2701 exsulabo
501 2666 508 2701 t
524 2658 653 2717 utcumque
667 2661 774 2714 potero,
790 2652 886 2705 deside-

114 2723 176 2773 rium
189 2723 273 2772 miseri
290 2724 317 2774 bt
332 2724 424 2773 crudeli
439 2722 557 2790 patientii
571 2721 700 2789 perieram.
714 2721 849 2787 Morerer,
864 2728 886 2780 ti

116 2796 180 2848 solus
197 2795 327 2866 moriturus
343 2794 425 2849 essem.

151 2942 183 2995 ir
204 2942 284 2993 coelice
302 2925 473 3012 poimatiomtt
492 2955 594 2995 veteram
616 2939 685 3013 longi
705 2941 885 3011 antiquissimo,
