1975 3700
112 255 667 326 Enrsr.rnponn0L.111.
697 277 771 354 335

60 373 123 426 Cum
138 386 241 441 pereant
254 374 306 425 acie
321 375 453 426 fortissima
467 380 590 442 queque,
606 375 647 426 sub
661 375 714 443 ipio

98 447 330 507 Judice,de1euus
345 439 456 499 Mortis¹
449 449 544 515 iniquus
561 449 618 499 erit.

62 523 115 580 At,
134 539 156 572 ιι
148 522 234 572 forte
247 521 332 571 velis
325 538 351 570 ιιι
365 538 412 572 nos
426 522 570 588 inquirere,
587 537 659 573 nemo
676 521 711 573 est

99 595 152 659 Qui
168 594 212 653 se,
227 595 294 661 quod
308 595 417 660 patitur,
434 593 598 646 commeruiffe
615 609 699 664 neget.

61 668 221 734 Adde,quod
230 667 356 718 exstiniios
364 667 540 734 velaquimel
547 667 693 730 Ματιηνοὶ
701 669 766 738 igni,
783 683 815 737 35

52 757 55 763 ·
99 742 176 792 Nulla
189 740 269 806 potest
283 741 372 791 iterum
386 741 509 792 restituisse
526 742 588 792 dies.

62 814 179 866 Restituit
192 815 302 874 multos,
316 827 359 864 aut
370 831 451 881 poenoe
461 826 533 882 parte
547 815 640 866 levavit

98 888 201 947 θείαις
219 888 246 937 &
259 888 284 938 in
299 888 381 938 multis
396 905 436 938 me
452 889 513 938 velit
529 888 595 947 eise,
611 905 710 956 precor.

61 962 102 1012 An
117 974 165 1018 tn,
183 958 237 1010 crim
251 961 295 1010 tali
309 961 415 1027 populus
427 962 469 1011 sub
482 961 593 1028 Principe
607 963 698 1021 simus,

99 1034 217 1100 Alioquio
230 1034 328 1100 profugi
343 1035 423 1085 credis
437 1033 511 1085 ineffe
528 1033 641 1086 metum?
781 1051 818 1098 40

64 1108 178 1160 Forsitan
191 1109 244 1156 haec
261 1107 360 1158 domino
376 1107 485 1158 Busiride
500 1106 555 1174 jure
571 1108 691 1167 timeres,

98 1181 152 1230 Aur
170 1180 241 1230 solito
258 1179 352 1231 clausos
369 1197 441 1230 urere
457 1181 481 1230 in
498 1197 546 1230 aere
561 1181 637 1232 virm.

63 1255 159 1306 Desine
174 1255 258 1303 mitem
273 1253 377 1302 animum
391 1270 456 1303 vano
470 1253 587 1304 infamare
602 1254 701 1306 timore.

99 1328 170 1377 sm
186 1326 267 1392 quid
259 1343 285 1376 ιιι
301 1327 403 1392 placidis
421 1328 475 1377 saxa
491 1327 586 1378 vereris
601 1325 692 1411 equis?

65 1401 119 1469 ipse
133 1417 200 1468 ego,
216 1399 283 1466 quod
294 1397 373 1465 primo
386 1399 504 1466 scripsi
484 1417 537 1450 sure
551 1401 649 1452 nomine
664 1399 754 1459 vobis,
783 1416 816 1463 45

101 1473 154 1524 Vix
167 1472 275 1523 excusari
289 1471 355 1557 poffe
366 1473 429 1524 mihi
442 1473 539 1524 videor.

66 1546 115 1597 Sed
130 1561 208 1612 pavor
222 1546 329 1597 suonito
343 1547 443 1602 rationis
457 1529 582 1597 ademerat
594 1545 682 1598 usum.

11 1635 15 1640 ’
102 1619 211 1670 Cefferst
226 1635 299 1672 omne
314 1620 385 1670 novis
399 1619 575 1686 consiliumque
592 1620 670 1670 malis

66 1695 245 1759 fortunamque
260 1708 339 1743 meam
353 1704 485 1752 metuens,
501 1709 550 1742 non
564 1693 688 1744 vindicis
680 1708 758 1751 iram,

102 1767 225 1816 Terrebat
240 1765 314 1815 titulo
329 1766 432 1816 nominis
446 1765 498 1832 ipse
512 1766 570 1816 mei.
786 1767 833 1828 50*

65 1840 190 1891 Halienns
204 1838 343 1890 admonitus
358 1840 459 1890 memori
475 1839 585 1891 concede
599 1839 696 1905 po'e'tae,

104 1913 183 1964 Ponat
198 1925 226 1963 ut
242 1912 268 1962 in
285 1912 374 1963 charris
390 1915 487 1963 nomina
504 1928 560 1963 ossa
576 1912 631 1963 suis·

68 1986 152 2052 Turpe
171 1985 218 2035 erit
232 1986 368 2045 ambobus,
385 1988 461 2054 longo
475 1986 533 2035 mihi
549 1985 672 2053 proximus
687 1986 752 2044 usu,

104 2060 131 2109 si
146 2058 215 2108 nulii
228 2059 282 2109 libri
293 2072 363 2128 perte
378 2060 460 2127 legare
476 2060 534 2110 mei.

69 2134 108 2182 Ne
123 2143 207 2182 tamen
220 2130 264 2182 iste
277 2144 357 2183 metus
372 2133 469 2183 somnos
484 2132 529 2183 tibi
543 2148 657 2199 rumpere
672 2132 768 2200 possit,
791 2144 821 2194 55

105 2206 165 2256 Non
180 2204 265 2264 ultra,
283 2208 353 2272 quim
367 2205 425 2262 vis,
442 2203 563 2255 officiosus
580 2222 636 2256 ero.

69 2279 157 2344 Teque
171 2290 273 2346 tegam,
292 2279 333 2344 qui
347 2279 379 2329 sis
392 2312 401 2337 ,
412 2278 459 2329 nisi
472 2277 526 2329 cim
539 2278 674 2345 permiseris
690 2278 752 2345 ipse.

106 2352 219 2418 Cogetur
232 2367 306 2401 nemo
319 2367 405 2402 munus
419 2354 510 2403 haime
525 2366 616 2403 menni.

70 2425 110 2475 Tu
125 2422 220 2482 modo,
238 2440 309 2493 quem
320 2439 421 2491 poteras
437 2427 477 2476 vel
490 2424 575 2493 aperte
590 2437 658 2478 tutus
671 2440 772 2484 amare,

107 2498 134 2549 si
147 2514 187 2550 res
203 2497 237 2550 est
253 2514 344 2568 anceps
361 2498 424 2559 ists,
442 2501 549 2550 latenter
565 2514 628 2553 amn.
792 2494 827 2547 60

413 2644 521 2795 sie
627 2704 644 2727 ι

418 2768 507 2875 iniis
