1975 3700
161 236 447 305 Terrarum
476 235 589 305 Lan.
613 237 702 305 111.
730 256 805 331 205

92 356 135 407 Tu
149 368 232 406 tamen
247 354 362 404 exstineto
376 355 458 405 feralia
473 370 571 405 munera
588 352 675 414 serto;

130 430 223 494 Deque
237 428 285 477 tuis
302 428 414 495 lacrymis
429 428 526 479 humida
543 427 606 479 serta
622 428 690 478 dato.

96 502 216 567 Quamvis
230 500 256 549 in
273 500 380 550 cinerem
393 507 484 568 'corpus
502 500 633 551 mutaverit
648 501 729 569 iguss,

129 574 227 625 Sentiet
242 571 348 623 officium
362 575 438 623 maesia
452 574 534 624 favilia
549 573 626 641 pium.

93 648 210 698 Scribere
225 647 293 713 plura
309 647 388 697 libet:
402 647 442 696 sed
457 664 509 697 vox
522 646 579 697 milti
593 644 650 697 sessa
664 646 789 715 loquendo
818 648 849 711 85

129 719 247 769 Disiandi
262 720 345 778 vires,
362 720 474 788 siccaque
489 719 590 789 lingua,
606 732 689 787 negat.

91 794 190 859 Accipe
207 792 317 858 supremo
336 792 422 843 dissum
437 793 496 843 mihi
512 793 614 845 forsitan
628 809 693 852 ore,
776 813 780 820 ·

130 864 228 931 Quod,
245 866 289 915 tibi
304 865 344 931 qui
360 867 453 925 mittit,
471 883 523 916 non
536 867 611 917 nabet
626 865 695 932 ipse,
711 866 785 917 vase.

153 954 800 1029 mm>

289 1072 546 1136 ELEGIA
597 1074 674 1138 IV.

95 1159 163 1283 O
179 1231 186 1281 !
201 1245 274 1283 ratur
289 1248 345 1283 care
356 1234 453 1301 quidem
463 1233 558 1300 semper
569 1267 576 1291 ,
589 1232 630 1284 sed
641 1246 752 1302 tempore
765 1234 826 1283 duro

80 1354 82 1359 ,
131 1302 261 1373 Cognite,
281 1322 322 1357 rer
337 1306 388 1373 post
406 1311 474 1373 quam
487 1308 642 1373 procubuere
657 1324 740 1366 mee,

90 1377 187 1429 Usibus
200 1378 291 1429 edotio
305 1380 326 1429 si
342 1379 468 1447 quidquam
486 1381 565 1431 credis
579 1380 678 1439 amico,

129 1452 198 1503 Vive
214 1452 279 1510 tibi,
298 1452 323 1503 &
339 1452 413 1521 longe
429 1453 526 1502 nomina
541 1469 627 1521 magna
643 1454 711 1523 suge.

91 1524 162 1577 Vive
179 1524 245 1581 tibi;
262 1538 423 1593 quantumque
440 1538 533 1592 poter,
546 1525 677 1592 ptaelustria
693 1528 753 1576 rita.
818 1541 832 1588 5

128 1598 225 1647 Serum
242 1598 355 1663 praelustri
373 1600 465 1649 fulmen
480 1600 511 1649 ab
526 1616 583 1649 arce
596 1600 675 1650 venit.

89 1672 155 1720 Nam
172 1686 314 1738 quamquam
328 1671 373 1721 soli
390 1671 484 1738 possunt
501 1671 611 1738 prodess'e
625 1684 763 1739 potentecc

129 1745 190 1793 Non
205 1744 284 1811 prosit
298 1745 401 1811 potius,
419 1746 439 1797 si
457 1745 510 1811 quis
526 1744 606 1795 obesse
620 1744 707 1811 potest.

87 1815 183 1886 Effugit
197 1817 308 1868 hibernas
324 1817 418 1868 demissa
435 1831 538 1869 antenna
553 1819 693 1884 procellas,

128 1892 238 1958 Izataque
255 1893 309 1957 psus
325 1893 404 1958 parvis
422 1894 476 1942 vela
493 1891 586 1942 timoris
604 1892 704 1943 habent.
818 1905 849 1939 ro

87 1964 205 2029 Aspicis,
222 1976 250 2014 ut
266 1964 354 2015 summa
372 1977 459 2014 cortex
477 1965 538 2016 ieris
555 1966 647 2016 innatet
662 1962 725 2014 unda
739 1998 748 2022 ,

128 2035 194 2087 Ciam
210 2053 283 2104 grave
301 2054 362 2088 nexa
379 2038 449 2089 simul
464 2038 526 2087 retia
541 2049 634 2106 mergat
651 2054 722 2087 onus.

89 2111 153 2161 Haec
170 2127 218 2178 ego
233 2111 253 2160 si
268 2111 373 2162 monitor
387 2111 493 2161 monitus
509 2109 573 2178 priris
590 2112 639 2177 ipse
655 2111 765 2168 fuissem,

126 2185 217 2250 inqua
235 2183 380 2243 debueram,
396 2184 499 2234 forsitan
513 2185 583 2234 Urbe
599 2184 685 2234 sorem.

86 2258 158 2307 Dum
176 2268 257 2306 tecum
271 2257 320 2306 vixi
334 2291 342 2316 ,
356 2257 411 2306 ubam
427 2273 466 2306 me
480 2257 542 2307 levia
560 2273 616 2306 aura
633 2257 748 2313 ferebat,
817 2268 845 2315 ις

126 2329 192 2379 Haec
204 2345 257 2378 mea
270 2345 314 2395 per
329 2329 435 2396 placidas
453 2330 538 2397 cymba
555 2329 663 2379 cucurrit
675 2345 757 2394 aquas.

87 2403 142 2468 Qui
159 2403 225 2453 caffit
241 2404 266 2452 in
280 2403 372 2474 plano,
388 2403 428 2452 vix
441 2403 491 2453 hoc
503 2415 585 2452 tamen
601 2402 684 2452 evenit
700 2402 795 2468 ipsum,

126 2475 168 2527 Sic
186 2476 267 2534 cadit,
283 2488 311 2526 ut
327 2475 388 2526 taus
405 2476 502 2542 surgere
519 2475 597 2542 possit
612 2477 712 2527 bumot

88 2551 128 2601 Ar
143 2549 215 2599 miser
231 2549 357 2614 Elpenor,
378 2549 444 2598 tesio
459 2549 569 2615 delapsus
582 2548 613 2598 ab
630 2549 700 2607 aito,

127 2623 245 2672 Occurrit
260 2623 322 2690 Regi
339 2622 425 2672 debilis
442 2623 524 2671 umbra
539 2621 591 2671 suo.
811 2631 846 2667 20
861 2678 864 2685 .

87 2697 157 2762 Quid
175 2696 241 2750 suit,
258 2708 286 2746 uc
302 2707 366 2746 tutas
383 2694 617 2763 agitaretnDaedalus
634 2691 709 2743 aias?

125 2769 208 2818 Icarus
224 2768 347 2819 immensas
364 2769 461 2818 nornine
478 2768 558 2834 signet
573 2765 668 2832 aquas?

86 2844 185 2906 Nempe
201 2843 264 2906 quod
279 2843 318 2892 hic
336 2839 405 2899 alte,
423 2839 547 2891 demiscitis
563 2840 604 2888 ille
620 2839 730 2888 volabat.

121 2916 185 2967 Nam
203 2931 293 2982 pennas
311 2915 381 2966 ambo
396 2930 477 2966 nonne
494 2915 601 2964 habuere
615 2908 694 2963 suas?
764 2933 769 2938 ·
