1975 3700
98 324 99 331 ,
192 264 265 340 160
294 262 336 335 P.
366 248 560 333 Orrnrr
586 264 822 337 Nasonrs

187 382 269 449 Atque
281 382 315 434 ita
329 394 355 431 te
369 392 453 432 cautus
468 382 585 449 querenti
598 384 666 448 plura
681 385 830 451 legendum,

223 456 280 514 Ne,
294 472 347 523 quae
363 472 413 505 non
429 472 490 521 opus
505 456 556 514 est,
573 456 638 507 sorte
652 458 772 524 loquare,
790 460 875 510 dabis.

188 526 301 583 Protinus
317 529 451 579 admonitus
467 541 565 597 repetet
580 547 634 579 mea
650 530 749 580 crimina
765 533 874 591 leslor

225 602 257 653 Et
270 618 373 671 peragar
388 602 472 669 populi
488 604 601 667 publicus
619 620 663 653 ore
676 618 743 653 reus

143 687 175 736 25
189 674 245 725 Neu
261 692 320 725 cave
336 674 467 734 defendas,
484 676 591 741 quamvis
607 676 751 728 mordebere
766 670 851 730 ditiis.

225 747 300 797 Causa
316 749 451 815 patrocinio
465 765 516 797 non
531 750 595 799 bona
610 748 682 815 pejor
698 751 757 799 erit.

186 819 299 871 Invenies
314 823 436 888 aliquem,
455 822 496 888 qui
510 838 551 871 me
567 823 670 888 suspiret
682 823 833 882 ademtam,

223 893 336 945 Carmina
348 911 394 945 nec
407 895 477 945 siccis
495 897 606 963 perlegat
619 896 659 945 isla
674 896 762 963 ganisa

185 966 219 1017 Et
234 968 321 1019 tacitus
338 967 435 1027 secum,
453 984 484 1017 ne
501 969 556 1034 quis
571 969 646 1019 malus
662 970 759 1028 audiat,
773 981 872 1037 optet,

142 1051 176 1104 30
225 1041 261 1092 Sit
277 1058 349 1101 mea,
364 1042 441 1091 lenito
455 1041 660 1107 leesmffloena
672 1042 763 1095 minor.
809 1088 816 1095 .
891 1085 900 1093 .

223 1187 334 1239 Placatos
350 1187 438 1239 misero
452 1187 492 1253 qui
509 1189 578 1238 volet
595 1187 643 1239 esse
662 1189 743 1239 Deos.

186 1259 297 1327 Quaeque
311 1262 396 1320 volet,
412 1273 464 1311 rata
479 1260 528 1311 sint
542 1278 551 1319 ;
567 1262 694 1327 ablataque
709 1261 828 1329 Principis
844 1262 883 1312 ira

224 1336 326 1385 Sedibus
342 1334 368 1385 in
384 1335 465 1402 patriis
484 1334 526 1385 det
545 1335 605 1384 mibi
619 1334 685 1401 posse
700 1336 772 1385 mori.

143 1417 176 1471 35
190 1408 226 1458 Ut
241 1424 341 1475 peragas
357 1408 483 1466 mandata,
495 1406 585 1467 Liber,
602 1410 731 1474 culpabere
747 1406 850 1467 sorsan3

224 1481 363 1547 Ingeniique
379 1481 456 1531 minor
472 1481 544 1531 laude
562 1482 642 1551 serere
658 1481 717 1533 mei.

188 1552 280 1605 iudicis
295 1552 401 1603 officium
415 1553 466 1613 est,
482 1566 582 1613 utres,
598 1555 633 1604 ita
648 1566 884 1622 temperarem,
909 1572 912 1577 ’

225 1625 346 1690 Quaerere
362 1643 369 1678 :
387 1628 489 1693 quaesite
503 1638 634 1694 tempere,
650 1640 718 1679 tutus
734 1629 793 1678 eris.

94 1716 96 1720 ·
190 1698 303 1750 Carmina
316 1701 463 1767 proveniunt
478 1701 558 1765 animo
573 1702 674 1752 dedusia
689 1702 794 1760 sereno;

142 1787 179 1834 40
226 1775 314 1823 Nubila
331 1775 384 1823 faint
401 1774 482 1824 subitis
495 1787 606 1840 tempora
621 1774 699 1825 nostra
714 1776 793 1825 malis.

170 1845 301 1898 Carmina
316 1846 428 1899 secessum
444 1847 567 1900 scribentis
584 1849 610 1900 δι
625 1849 676 1900 otia
693 1862 828 1914 quaerunt3

226 1921 270 1971 Me
286 1938 368 1980 mare,
384 1939 422 1972 me
437 1924 523 1981 venti,
536 1939 575 1972 me
590 1923 642 1972 sera
655 1921 735 1988 jaslat
742 1923 834 1973 hiems.

191 1993 344 2045 Carminibus
358 2006 437 2044 metus
453 1996 531 2045 omnis
545 1995 625 2046 abest:
640 2013 688 2062 ego
700 1996 812 2061 perditus
827 1997 911 2047 ensem

226 2067 353 2118 Hesurum
371 2067 479 2136 jugulo'
472 2085 521 2132 pam
536 2079 598 2134 puto
612 2068 709 2135 jamque
722 2085 789 2118 meo.

146 2151 180 2204 45
191 2140 253 2192 Haec
263 2158 377 2209 quoque,
393 2141 457 2208 quod
468 2141 549 2200 facio,
563 2140 638 2207 judex
646 2142 773 2191 mirabitur
784 2157 891 2208 aequus
882 2177 891 2200 ,

227 2215 368 2282 Scriptaque
385 2229 438 2264 cum
451 2214 522 2264 venii
537 2215 721 2281 qualiacumque
734 2217 815 2282 leget.

191 2287 231 2338 Da
246 2289 305 2339 mihi
317 2289 474 2345 Maeoniden,
491 2287 517 2337 &
531 2300 571 2337 tot
584 2288 741 2354 circumspice
756 2287 848 2346 casus3

227 2363 354 2430 lqgenium
370 2362 444 2410 tantis
461 2361 559 2412 excidet
574 2377 646 2410 omne
661 2359 739 2410 malis.

191 2435 306 2501 Denique
321 2435 419 2486 securus·
433 2435 517 2491 sama,
535 2434 623 2491 Liber,
638 2435 675 2484 ire
688 2445 835 2492 memento;

146 2520 180 2573 50
228 2509 282 2558 Nec
298 2509 343 2558 tibi
356 2507 387 2558 sit
403 2508 466 2558 lello
483 2506 626 2572 displicuisse
642 2506 730 2572 pudor.

191 2581 249 2632 Non
265 2583 298 2631 ita
313 2582 337 2632 se
353 2582 423 2632 nobis
438 2581 530 2648 praebet
545 2581 652 2632 Fortuna
669 2579 819 2638 secundam,

229 2653 264 2705 Ut
279 2653 323 2705 tibi
338 2655 370 2705 sit
385 2655 449 2705 ratio
465 2654 542 2704 laudis
556 2655 666 2704 habenda
682 2665 741 2704 tuae.

151 2759 160 2768 -
191 2729 282 2780 Donec
300 2745 365 2778 erarn
380 2728 479 2794 sospes,
499 2728 564 2777 tituli
579 2729 695 2795 tangebar
710 2741 815 2783 amorea

212 2829 213 2834 =
229 2802 411 2869 Quaerendique
426 2801 483 2850 milri
500 2800 603 2851 nominis
619 2801 695 2869 ardor
706 2811 770 2850 erat.

151 2887 181 2938 55
196 2877 307 2929 Carmina
318 2891 381 2927 nunc
393 2874 412 2925 si
426 2879 490 2932 noir,
501 2873 649 2940 studiumque
662 2874 727 2940 quod
740 2871 835 2931 obfuit,
848 2871 905 2926 odi,
965 2902 966 2905 =

229 2952 266 3006 Sit
279 2950 336 3004 satis
351 2965 359 3003 a
376 2949 474 3018 ingenie
489 2947 528 3002 sic
539 2948 596 3018 suga
611 2954 777 3015 patrantem.
822 2985 829 2994 .
871 2964 879 2978 ·
