1975 3700
190 235 262 310 132
298 214 341 285 P.
371 213 564 285 Ονιυιι
588 217 821 288 Nacortrs

110 353 112 357 ·
186 335 246 394 Te,
266 335 409 403 quicumque
427 335 480 386 suas
494 334 624 403 profitetur
639 337 748 388 vendere
763 356 888 400 merces,

222 409 289 460 Tute
307 409 386 468 dato,
407 410 497 460 tribuas
512 422 540 459 ut
555 411 601 460 sibi
614 412 704 469 lucra,
722 425 810 479 rogat.

185 481 224 532 Est
240 499 301 549 aqua
315 481 454 541 Mercurii,
472 495 550 548 portae
565 484 644 534 viciata
660 484 789 551 Capenaec

221 556 246 604 Si
258 555 327 622 juvat
343 555 450 622 expertis
468 557 590 615 credere,
610 573 699 606 numen
715 559 800 610 habet.

123 629 155 693 67
162 645 174 691 5
188 628 242 678 Huc
257 628 325 680 venit
338 629 455 680 incinslus
468 631 563 680 tunicas
578 643 719 694 mercatum
737 632 764 682 δι
781 631 848 684 usn&

222 701 297 753 Purus
314 700 409 760 suffiti,
428 719 499 769 quam
514 705 596 762 serat,
612 704 692 753 haurit
707 721 806 770 aquam.

91 827 93 831 ,
185 775 240 826 Uda
254 774 282 826 fit
297 775 354 825 hinc
368 777 447 826 laurus
460 793 467 827 :
479 778 549 827 lauro
565 776 706 844 sparguntur
719 780 751 826 ab
764 779 818 828 ude

221 847 311 900 Omnia
321 881 329 908 ,
338 865 399 916 vquae
415 850 527 900 dominos
544 850 596 899 sunt
610 851 719 900 habimra
733 867 829 908 novos,

184 921 279 990 Spargit
294 921 319 974 dt
333 922 383 989 ipse
397 922 452 974 siros
466 925 536 973 lauro
550 935 648 974 rorante
664 923 786 990 capillosa

121 995 174 1046 680
222 995 254 1046 Et
269 997 362 1064 peragit
378 995 447 1046 solita
463 997 550 1047 fallere
565 1013 627 1047 voce
640 1013 737 1063 preces.

183 1068 262 1120 Ablue
277 1069 393 1136 preteriti
409 1068 514 1136 perjuria
530 1071 667 1136 temporis,
684 1070 773 1139 inquit.

219 1144 298 1194 Ablue
315 1143 438 1210 preterit&
453 1143 546 1207 perfida
561 1145 635 1194 verba
650 1145 699 1194 die.
761 1140 764 1145 ’

182 1216 239 1267 Sive
252 1234 299 1283 ego
314 1232 340 1270 te
355 1216 404 1266 ieci
420 1216 523 1276 testem,
539 1218 632 1278 falsove
647 1217 720 1268 citavi

218 1291 275 1339 Non
291 1290 396 1341 audituri
412 1291 508 1340 numina
520 1307 607 1358 magna
620 1291 689 1344 Jovis
701 1308 711 1348 ς

119 1362 152 1412 68
158 1377 170 1425 5
183 1362 240 1412 Sive
257 1363 338 1414 Deum
355 1363 460 1428 prudens
475 1365 547 1414 alium
564 1365 685 1416 Diraruve
701 1363 802 1424 fefelli,

218 1435 365 1487 Abstulerinr
382 1438 476 1487 celeres
491 1439 600 1504 improba
617 1438 763 1488 attenuati.

181 1507 212 1558 Et
225 1520 325 1576 pateant
339 1510 454 1561 veniente
470 1511 510 1560 die
524 1510 630 1578 perjuria
645 1512 734 1570 nobis3

215 1581 269 1632 Nec
285 1587 374 1634 cure'nt
390 1583 496 1648 Superi,
515 1585 537 1635 si
551 1603 598 1652 qua
612 1587 709 1636 loeutus
725 1601 781 1635 ero.

179 1655 219 1705 Da
235 1654 308 1707 modd
325 1659 391 1708 lucra
407 1656 483 1716 mihi,
504 1657 534 1707 da
551 1657 615 1708 iasio
631 1658 717 1726 gaudia
734 1659 831 1716 luero,

89 1729 90 1736 ’
116 1728 168 1793 690
216 1729 248 1779 Et
264 1731 318 1780 face
335 1743 367 1802 ut¹
376 1731 464 1781 emtori
475 1733 550 1780 verba
564 1732 652 1782 dedisse
667 1730 747 1797 juvet.

179 1801 248 1853 Talia
263 1803 402 1855 Mercurius
419 1804 560 1871 poscentem
576 1803 639 1857 ridet
655 1806 685 1855 ab
697 1805 770 1864 alto,
816 1829 820 1836 ·

214 1876 245 1926 Se
260 1895 352 1929 memor
368 1878 485 1947 Ortygias
503 1879 634 1945 surripuisse
650 1880 736 1936 boves.

175 1948 223 1999 AT
238 1950 297 1999 mihi
314 1952 411 2016 pande,
427 1968 536 2019 precor,
554 1966 623 2004 canto
637 1954 738 2003 meliora
755 1954 876 2019 petenti,

212 2023 241 2073 ln
259 2021 377 2075 Geminos
396 2040 427 2074 ex
443 2043 492 2093 quo
510 2038 622 2093 tempore
640 2024 745 2077 Phoebus
762 2038 815 2076 eat.

113 2095 147 2161 69
152 2112 164 2161 ς
178 2094 240 2147 cum
253 2097 355 2148 totidem
369 2099 400 2147 de
414 2100 496 2149 mense
513 2100 565 2150 dies
580 2100 699 2167 superesse
717 2100 832 2159 videbis3

211 2168 281 2234 Quot
298 2171 350 2223 suut
365 2172 487 2222 Herculei
497 2173 558 2222 tacta
574 2174 665 2224 laboris
676 2208 688 2230 ,
705 2175 747 2224 ait.

173 2242 243 2305 Dic,
261 2262 309 2313 ego
323 2245 455 2311 respondi,
474 2246 566 2295 causam
582 2247 640 2296 mihi
656 2247 740 2297 sideris
756 2246 841 2314 hujus.

210 2317 312 2369 Causam
328 2320 434 2370 facundo
450 2319 559 2385 prodidit
574 2336 617 2371 ore
633 2321 714 2371 Deus.

172 2390 324 2443 Abstulerant
339 2406 419 2459 raptas
437 2390 545 2444 Phoeben
563 2390 715 2459 Phoebesque
730 2393 843 2443 sorerem

108 2480 162 2531 700
209 2466 356 2533 Tyndaride
372 2466 476 2527 fratres,
494 2469 536 2517 hie
550 2484 645 2533 eques,
659 2468 700 2517 ille
715 2466 791 2533 pugil.

170 2538 237 2589 Bella
251 2552 353 2606 parant,
372 2552 534 2608 repetuntque
549 2540 601 2591 suas
616 2540 642 2591 dt
657 2538 874 2599 irater&1das;

206 2612 330 2681 Leucippo
346 2612 399 2670 fieri
411 2614 493 2680 pastus
512 2627 615 2683 uterque
630 2606 716 2682 gener.

172 2686 217 2737 His
229 2702 295 2736 amor
307 2720 314 2744 ‚
327 2699 354 2737 ut
363 2700 493 2754 repetant,
507 2690 553 2742 illis
565 2720 573 2747 ,
584 2700 612 2739 uc
621 2687 725 2738 reddere
734 2685 836 2745 nolint,

206 2759 296 2811 Suadet
311 2776 318 2811 ι
331 2763 356 2811 &
373 2776 404 2811 ex
421 2762 489 2811 causa
503 2774 594 2829 pugnat
610 2774 713 2827 uterque
729 2762 793 2827 pari.

105 2848 139 2896 το
144 2847 155 2897 5
171 2831 283 2899 Effugere
302 2832 416 2885 OEbalidae
433 2834 503 2885 cursu
518 2848 622 2901 potuere
638 2835 793 2901 sequenteca
887 2872 892 2877 -

204 2906 251 2958 Sed
269 2907 341 2961 visura
357 2909 432 2962 celeri
449 2908 549 2960 vincere
565 2923 636 2976 turpe
651 2907 723 2980 supi·
