1975 3700
166 260 449 332 Tursrrurr
474 260 662 331 Lindi.
715 237 786 355 1¹85

80 378 130 431 Res
145 397 239 447 quoque
252 379 357 445 privatas
369 376 439 429 stanti
453 379 506 429 sine
522 380 621 433 crimine
637 379 731 447 iudex:
797 394 831 446 95
860 376 864 385 ’

118 448 210 519 Deque
220 454 273 503 med
288 450 341 503 sassa
357 450 461 519 estpars
476 470 573 521 quoque
589 452 651 505 vidia
667 455 725 507 fide.

80 526 125 576 Me
141 527 251 578 miserum
267 524 273 575 i
290 524 377 591 potui,
394 526 414 577 si
430 542 480 575 non
497 541 607 579 extrema
621 542 760 590 nocerent,
782 558 787 563 ·

117 596 214 651 Judicie
228 610 295 650 tutus
311 615 360 649 non
377 598 450 649 semel
464 598 510 649 esse
527 613 581 652 tuo.

81 673 174 723 Ultima
188 689 226 721 me
242 672 367 737 perdunt:
382 672 479 737 imoque
494 672 535 723 sub
550 691 647 741 aequore
662 676 751 745 mergit

118 744 267 795 Incolumem
284 746 358 795 toties
371 762 417 793 una
432 748 540 811 processa
555 761 641 799 ratem.
801 762 852 799 100

80 819 136 867 Nec
153 818 212 869 mihi
226 834 279 882 pars
296 818 378 867 nocuit
391 817 420 867 de
437 819 532 887 gurgite
547 837 620 885 parva
631 838 639 871 t
651 820 693 873 sed
706 838 789 875 omnes

118 888 224 940 Preffere
239 890 286 941 hoc
301 890 403 949 dusius,
423 889 605 959 Oceanusque,
624 908 706 961 caput.

81 964 132 1015 Cur
147 963 236 1031 aliquid
251 960 322 1013 vidi?
343 980 385 1015 cur
398 962 469 1015 noxia
484 964 573 1015 lumina
589 966 660 1017 feci?

116 1032 168 1086 Cur
185 1036 330 1102 imprudenti
347 1038 442 1103 cognita
456 1038 527 1104 culpa
541 1039 598 1088 mihi
610 1036 621 1089 ἓ

78 1110 170 1160 Inscius
182 1106 283 1161 Adeon
297 1110 357 1161 vidit
370 1110 422 1161 sine
437 1108 502 1160 veste
518 1110 641 1165 Dianam:
801 1128 849 1176 105

117 1182 199 1233 Praeda
216 1182 261 1233 fuit
275 1184 374 1235 canibus
393 1200 442 1235 non
458 1182 534 1235 mimis
549 1183 591 1235 ilie
607 1184 664 1237 suis.

80 1256 180 1307 Scilicet
195 1256 219 1307 in
232 1256 330 1322 Superis
347 1258 418 1307 etiam
435 1257 532 1308 fortuna
549 1260 636 1309 luenda
649 1257 705 1318 estr

116 1330 170 1379 Nec
186 1329 298 1389 reniam,
318 1331 374 1381 laeso
390 1330 506 1390 numine,
525 1332 591 1382 casus
604 1334 686 1383 habet.

79 1402 123 1452 uta
137 1418 238 1470 namque
254 1403 311 1463 die,
330 1402 377 1469 qui
390 1420 429 1453 me
444 1405 630 1476 malus'absiulit
645 1422 734 1462 error,

116 1474 191 1525 Parva
207 1476 302 1542 quidem
319 1476 413 1541 petiit,
431 1477 472 1525 sed
488 1478 540 1527 sine
556 1480 630 1539 labe,
651 1480 746 1532 domur·
800 1492 851 1528 110

79 1548 118 1599 Sic
136 1566 232 1615 quoque
248 1566 320 1615 parva
337 1562 438 1607 tamen,
455 1552 535 1617 patrio
551 1552 646 1605 dicatur
661 1564 689 1605 ut
704 1569 760 1603 ενα

117 1620 207 1679 Clara,
226 1638 272 1671 nec
286 1623 356 1673 ullius
372 1622 500 1673 nobilitate
514 1624 600 1675 minor.
617 1659 620 1665 -

78 1694 111 1744 Er
124 1688 204 1759 neque
217 1692 327 1753 divitiis,
346 1711 392 1747 nec
407 1708 549 1761 paupertare
564 1698 689 1749 notanda:

115 1767 188 1817 Unde
202 1764 229 1817 fir
243 1768 266 1817 in
280 1780 391 1818 neutrum
406 1768 590 1834 conspiciendus
602 1788 687 1838 eques.

78 1840 116 1890 Sit
128 1857 225 1906 quoque
237 1838 314 1891 nostra
326 1841 409 1892 domus
421 1843 461 1892 vel
472 1841 545 1894 censu
555 1861 644 1910 parva,
654 1845 695 1897 vel
706 1855 778 1903 artur
801 1857 848 1906 υς

116 1913 218 1981 ingenio
234 1912 301 1964 certi
318 1931 366 1966 non
383 1917 442 1966 latet
456 1915 496 1966 illa
512 1934 579 1968 meo.

78 1985 137 2050 Quo
152 1987 235 2038 videar
249 1987 355 2054 quamuis
370 1987 466 2038 nimidm
483 1988 624 2054 juveniliter
636 1990 710 2050 usus,

117 2059 214 2110 Grande
231 2073 313 2110 tamen
329 2073 385 2112 toto
401 2079 490 2112 nomen
505 2065 534 2113 ab
552 2065 612 2114 orbe
627 2065 691 2114 fero.

77 2130 207 2200 Turbaque
224 2133 348 2184 dedorunt
362 2136 485 2186 Nasonem
501 2139 590 2196 novit,
611 2137 724 2190 &audet

115 2205 171 2256 Non
187 2205 291 2258 fastiditis
308 2225 464 2258 annumerare
480 2207 548 2258 viris.
798 2221 850 2258 120

76 2271 242 2328 Corruit⁴haec
256 2279 329 2346 igitur
346 2279 423 2330 Muris
438 2296 559 2346 accepta,
578 2281 619 2330 sub
634 2298 704 2340 uno,

115 2351 163 2400 Sed
180 2367 229 2400 non
246 2353 353 2418 exiguo,
370 2353 468 2403 crimine
485 2355 549 2419 lapsa
565 2355 658 2404 domus.

78 2423 160 2486 Atque
176 2440 204 2472 ea
219 2423 254 2474 sic
270 2425 333 2490 lapsa
349 2425 399 2484 est,
418 2439 445 2476 ur
459 2427 575 2494 surgere,
594 2429 614 2480 si
629 2425 701 2480 modd
713 2426 765 2479 laesi

113 2491 278 2546 Ematuruerit
295 2495 392 2548 Caesaris
407 2499 461 2556 ira,
480 2513 562 2566 queat.

75 2566 157 2630 Cujus
173 2567 198 2616 in
213 2582 302 2620 eventu
316 2587 394 2635 poenae
407 2573 535 2622 ciementia
550 2586 616 2625 tanta
630 2573 663 2626 esi
674 2577 699 2634 ,’
797 2586 828 2623 ¹2
833 2587 845 2635 5

114 2640 150 2690 Ut
166 2639 240 2690 fuerit
257 2641 336 2693 nostro
353 2643 430 2692 lenior
445 2644 485 2693 illa
500 2659 575 2697 metu.
802 2647 805 2652 ’

76 2713 136 2766 Vita
154 2711 210 2762 da'ra
228 2712 278 2771 est,
297 2715 403 2781 citraque
422 2733 506 2766 necem
523 2719 688 2773 tuacenstitit
701 2719 758 2777 ira,

112 2787 137 2837 O
152 2786 158 2836 ἔ
172 2785 285 2852 Princeps
301 2785 371 2854 parce
387 2789 476 2840 viribus
492 2792 532 2842 use
546 2793 596 2844 tuis
611 2793 617 2841 !

74 2859 174 2924 Insuper
189 2859 330 2919 accedunt,
347 2873 371 2911 te
387 2880 435 2912 non
452 2863 589 2924 adimente,
608 2865 715 2931 paterne

109 2931 242 3004 Tamquam
259 2934 308 2985 vita
323 2952 404 3002 parum
421 2939 618 3000 muneriseffet,
637 2955 707 3005 opes.
796 2950 845 3001 130
