1975 3700
127 262 414 328 Tartarum
439 260 550 327 Lra.
575 258 662 326 ΙΙΙ.
689 280 766 355 219

43 384 98 435 Jana
114 381 208 431 violant
221 378 339 445 puerique
355 378 440 445 legunt
456 376 594 443 hilaresque
609 380 717 444 puellae,
777 398 790 447 ς

83 453 186 505 Rustica
202 469 272 518 quam
288 452 355 501 nullo
370 462 437 501 terta
452 450 547 501 serente
564 451 637 519 gerit·

45 530 173 593 Prataque
189 525 323 592 pubescunt
339 524 459 573 variorum
475 524 537 574 llore
554 526 684 586 colorum,

86 600 242 667 lndocilique
257 600 349 665 loquax
365 608 464 665 gutture
481 609 567 647 vernat
583 598 645 648 avis.

47 676 135 740 thue
153 675 223 723 malas
238 672 330 721 crimen
347 671 429 719 matris
446 670 554 735 deponat
569 670 692 733 hirundo,

86 750 140 797 Sub
156 746 264 797 trabibus
279 760 352 795 cunas
367 758 489 811 parvaque
504 742 568 793 tecla
584 745 653 795 lacit.
781 766 813 803 to

49 822 208 887 Herbaque,
227 836 280 886 quae
296 816 366 867 latuit
380 816 522 867 Cerealibus
539 819 627 867 obtuta
641 818 732 881 sulcis,

86 894 186 945 Exserit
200 908 214 943 e
232 890 315 959 tepidi
331 885 405 941 molle
421 906 540 939 cacumen
555 890 638 941 burno.

51 969 166 1033 Quoque
177 967 234 1015 loco
245 965 279 1015 est
289 963 346 1015 vitis
357 997 366 1022 ,
379 964 409 1013 de
420 964 520 1029 palmite
530 979 624 1031 geronta
633 980 766 1020 mouture

87 1042 154 1090 Nam
172 1039 258 1105 procul
274 1056 287 1087 a
306 1036 398 1089 Getico
414 1037 487 1087 litore
503 1038 560 1086 vitis
575 1038 649 1087 abest.

51 1114 164 1179 Quoque
175 1112 233 1163 loco
244 1110 278 1163 est
287 1112 359 1161 arbor
370 1143 377 1168 ,
390 1110 506 1177 turgescit
514 1110 541 1159 in
552 1110 638 1160 arbore
649 1128 729 1164 narnus
741 1129 749 1165 t
782 1130 791 1167 t
798 1132 810 1179 5

90 1188 156 1237 Nam
173 1187 259 1251 procul
275 1202 288 1233 a
306 1183 402 1235 Geticis
417 1182 504 1233 finibus
517 1184 591 1233 arbor
602 1186 678 1237 abest.
718 1184 723 1191 ’

53 1261 116 1312 Otia
131 1276 197 1309 nunc
211 1258 261 1309 illic
273 1272 281 1309 t
294 1257 429 1324 jundlisque
443 1274 474 1306 ex
490 1256 577 1307 ordine
590 1259 653 1308 ludis
732 1258 735 1264 '
755 1293 761 1304 .

93 1332 196 1385 Cedunt
211 1332 310 1382 verbosi
325 1332 419 1399 garrula
435 1330 499 1381 balla
515 1330 573 1381 fori.

53 1408 119 1458 Usus
138 1406 195 1473 equi
212 1422 275 1456 nunt
292 1404 342 1466 est,
363 1404 457 1455 levibus
472 1421 537 1454 nunc
550 1404 641 1455 luditur
655 1406 747 1457 armis:

91 1480 166 1529 Nunc
182 1478 249 1545 pila.
269 1495 332 1528 nunc
350 1477 424 1529 celeri
440 1477 549 1528 volvitur
565 1479 625 1528 orbe
640 1482 750 1531 trochus.
778 1496 813 1531 ιο

53 1555 149 1610 Nunc,
170 1552 211 1603 ubi
228 1552 321 1618 perfusa
336 1550 370 1601 est
385 1550 442 1600 oleo
458 1550 556 1600 labente
570 1549 705 1615 juventus,

89 1624 208 1677 Defeffos
226 1637 290 1675 artus
307 1622 408 1691 Virgine
426 1623 498 1691 tingit
513 1624 585 1691 aqui.

55 1701 136 1751 Stena
151 1698 238 1766 viget,
257 1697 385 1765 studiisque
397 1696 467 1747 favor
482 1696 624 1748 distantibus
638 1698 725 1750 ardet:

92 1772 191 1838 Proque
209 1771 285 1821 tribus
301 1770 416 1820 resonant
429 1781 500 1821 terna
513 1770 623 1821 Theatra
638 1771 716 1823 Foris.

55 1846 80 1898 Ο
94 1844 101 1896 l
116 1857 219 1914 quater,
232 1845 258 1896 δι
267 1836 363 1912 quotiei
373 1861 424 1894 non
434 1842 468 1894 est
478 1861 621 1903 numerare,
633 1847 751 1906 bertuna,
779 1862 811 1910 25

91 1921 151 1971 Non
167 1918 292 1969 interditld
308 1919 346 1969 cui
364 1918 422 1969 licet
435 1917 505 1968 Urbe
519 1918 588 1968 frui!

58 1993 89 2042 At
107 1992 167 2043 milri
183 1992 284 2043 sentitur
300 1993 341 2042 nix
355 2007 433 2042 verno
450 1991 500 2041 sole
517 1992 615 2050 soluta,

92 2064 207 2132 Quaeqne
223 2067 279 2115 lacu
294 2064 354 2116 duro
370 2065 411 2114 vix
426 2064 550 2116 fodiantur
563 2081 642 2133 aptae.

58 2141 110 2189 Nec
121 2155 190 2189 mare
201 2137 336 2190 concrescit
346 2138 424 2206 glacie
435 2152 442 2188 t
456 2154 519 2198 nec,
530 2150 559 2188 ut
566 2150 639 2197 aute,
650 2154 695 2203 per
704 2139 786 2190 lsttum

93 2211 201 2262 Stridula
219 2211 371 2262 Sauromates
384 2210 486 2276 plaustra
502 2212 621 2261 bubulcus
636 2213 698 2279 agit.
780 2226 814 2277 30

60 2285 180 2352 lncipient
197 2285 283 2351 aliquae
298 2297 380 2334 tamen
396 2285 443 2336 huc
458 2284 546 2334 adnare
561 2284 670 2343 carina,

95 2357 247 2426 Hospitaque
263 2358 287 2408 in
301 2357 372 2408 Ponti
388 2357 461 2408 litore
474 2357 560 2424 puppis
577 2359 634 2408 erit.

60 2431 162 2481 Sedulus
178 2447 304 2482 occurram
318 2443 397 2482 nautae
413 2447 421 2482 a
437 2431 546 2498 dilllque
562 2430 656 2489 salute,

97 2504 164 2570 Quid
178 2505 277 2562 veniat,
295 2520 417 2571 queram,
432 2505 538 2570 quisve,
554 2504 671 2570 quibusve
685 2504 768 2562 lotis,

62 2577 104 2627 llle
120 2577 219 2644 quidem
230 2577 335 2636 mirum,
352 2576 394 2636 ni,
411 2577 441 2626 de
454 2577 556 2643 regione
569 2578 722 2644 propinqui,
780 2589 812 2641 35

96 2652 153 2701 Non
170 2651 216 2700 nisi
232 2652 322 2701 vicinas
337 2663 421 2702 cautus
438 2651 512 2700 ararit
526 2667 608 2716 aquas.

62 2723 136 2774 Rarus
153 2724 183 2773 ab
201 2723 269 2776 ltalii
284 2735 377 2774 tanturn
391 2741 457 2773 mare
472 2725 554 2773 navita
569 2723 654 2774 transit
668 2739 676 2774 a

97 2797 180 2847 Litora
195 2814 262 2846 rarus
276 2797 300 2846 in
315 2797 367 2846 haec
381 2799 499 2862 portubus
513 2799 572 2847 orba
587 2797 663 2847 venit.

63 2869 118 2920 Sive
132 2883 214 2920 tamen
233 2870 308 2937 Graii
322 2871 421 2926 scierit,
437 2871 489 2920 sive
502 2871 545 2920 ille
560 2869 644 2920 Latini

97 2944 170 2998 Voce
184 2943 272 3010 loquia
290 2943 358 2996 certe
375 2944 465 3013 gratior
481 2940 553 3010 hujus
568 2944 625 3002 erit.
779 2959 814 3005 no

670 3014 724 3081 Kij
