1975 3700
199 300 278 376 334
323 279 365 348 P.
393 278 584 349 Orrnrr
610 277 843 348 NAsortrs

172 391 917 466 «xe-&mv

267 504 634 574 -nrrsrouu
682 513 759 597 vn

217 634 539 698 unicornu
577 601 820 696 cornum.

195 771 259 886 lix
270 845 335 886 uso
352 833 414 893 suo,
431 847 521 884 nomen
535 831 615 900 posuit
630 831 670 883 cui
685 847 773 898 paene,
792 830 871 883 sodali

234 906 315 956 Mittit
330 908 359 956 ab
376 908 477 958 Euxinis
492 907 541 956 hoc
555 909 630 957 breve
644 921 741 956 carmen
758 905 837 971 aquis.

198 980 250 1037 At,
263 981 284 1030 si
299 993 368 1030 cauta
385 997 467 1046 parum
481 979 610 1046 scripsisset
624 979 726 1037 dextra,
742 978 796 1045 quis
812 975 895 1037 ell'ec,

235 1053 346 1104 Forsitan
362 1052 445 1104 officio
461 1065 530 1120 parta
546 1053 644 1120 querela
661 1052 736 1101 foret.

175 1140 187 1191 5
202 1125 253 1177 Cur
266 1138 367 1184 tamen,
383 1128 432 1177 hoc
446 1127 499 1176 aliis
513 1137 592 1176 tutum
607 1125 780 1182 credentibus,
797 1139 875 1184 nnuc,

233 1199 366 1266 Appellcnt
379 1215 411 1249 ne
427 1212 454 1250 te
470 1200 574 1252 camnine
591 1198 687 1256 nostra,
704 1193 800 1265 rogas?

198 1272 297 1336 Quanta
313 1272 345 1323 sit
360 1272 385 1322 in
401 1271 479 1322 medid
494 1273 624 1322 clementia
641 1271 740 1321 Caesaris
757 1269 813 1330 iri,

234 1343 271 1396 Ex
287 1363 346 1407 me,
362 1346 383 1396 si
396 1345 492 1404 nescit,
510 1345 600 1396 certior
616 1344 663 1396 esse
676 1355 758 1412 poter.

198 1418 264 1468 Huic
275 1435 323 1486 ego
334 1453 342 1478 ,
354 1435 424 1486 quam
433 1419 531 1486 patior,
544 1419 577 1468 nil
587 1417 677 1485 possem
688 1417 786 1466 demere
796 1424 899 1484 poenaej

156 1509 188 1544 ιο
236 1492 262 1542 Si
278 1490 353 1556 judex
366 1492 445 1542 meriti
459 1507 564 1560 cogerer
580 1491 627 1542 else
641 1491 700 1542 mci.

198 1565 255 1614 Non
271 1575 341 1615 vetat
356 1566 398 1614 ille
414 1565 449 1616 sui
464 1581 607 1632 quemquam
622 1560 751 1614 meminisse
766 1562 874 1614 sodalis:

233 1638 287 1688 Nec
301 1638 416 1704 prohibet
430 1639 474 1688 tibi
488 1655 528 1688 nre
544 1637 668 1696 scribere,
687 1648 763 1702 teque
777 1635 851 1688 milti.

197 1710 253 1760 Nec
269 1710 346 1761 scelus
361 1711 494 1770 admittas,
512 1711 533 1762 si
550 1707 681 1762 consoleris
696 1709 818 1768 amicum,

233 1782 352 1835 Mollibus
369 1784 395 1835 δι
412 1784 494 1835 verbic
509 1784 592 1851 aspera
609 1783 665 1834 sate·
675 1783 753 1832 leves.

156 1872 165 1908 1
173 1868 186 1921 5
203 1858 272 1913 Cur,
292 1860 348 1909 dum
363 1869 417 1909 tuta
431 1858 522 1918 times,
542 1858 601 1909 sacis
618 1870 647 1908 ut
662 1855 800 1926 reverentie
817 1854 875 1907 talis

234 1932 288 1981 Fiat
303 1931 328 1981 in
345 1931 464 2001 Augustos
479 1930 595 1982 invidiosa
612 1926 706 1981 Deos?
761 1932 763 1937 '

197 2004 312 2067 Fulminis¹
327 2005 421 2055 afflatos
434 2005 556 2055 interdum
571 2004 657 2055 vivere
673 2003 729 2053 telis

233 2077 363 2137 Vidimus,
381 2078 408 2130 dc
421 2076 508 2138 refici,
527 2094 577 2128 non
594 2078 740 2144 prohibente
755 2075 830 2129 Jove.

197 2150 271 2205 Nec.
290 2149 345 2217 quin
359 2151 487 2217 Neptunus
505 2168 591 2202 navem
608 2153 725 2201 lacerarat
740 2148 860 2217 Ulysiis,

154 2237 188 2273 20
236 2222 377 2274 Leucothie
393 2223 459 2274 nanti
474 2224 540 2274 serre
555 2223 652 2293 negavit
668 2238 750 2289 opem.

198 2294 279 2345 Crede
293 2297 370 2356 mihi,
387 2297 477 2347 miseris
494 2296 600 2347 coelestia
616 2296 712 2347 numina
728 2306 855 2362 pareunt:

234 2368 398 2435 Nec-semper
413 2370 501 2430 laesos,
521 2371 547 2421 bc
561 2371 614 2420 sine
628 2368 696 2427 fine,
713 2378 838 2437 premunt·
862 2414 867 2422 .

197 2439 310 2507 Principe
325 2458 373 2492 nec
389 2441 468 2493 noslro
483 2444 553 2494 Deus
571 2442 604 2493 est
621 2440 770 2493 moderatior
784 2442 872 2494 ullust

233 2513 327 2572 lustitia
342 2516 541 2581 vires.temperat
555 2516 596 2566 ille
612 2516 675 2567 siros.

153 2602 169 2637 2
173 2602 186 2651 5
199 2587 285 2653 Nuper
301 2604 354 2637 eam
369 2587 449 2639 Cesar
466 2589 529 2640 sasso
545 2587 575 2639 de
592 2604 711 2639 marmore
726 2588 844 2655 templu

233 2658 287 2711 lam
302 2660 394 2726 pridem
407 2662 487 2727 posuit
502 2661 591 2713 mentis
607 2662 632 2711 in
649 2661 701 2711 aede
719 2660 774 2713 suae.

199 2732 312 2799 luppiter
325 2734 352 2783 in
364 2736 453 2785 multos
469 2736 598 2785 temeraria
612 2734 711 2785 fulmina
725 2744 846 2801 torquet,

234 2806 285 2871 Qui
299 2824 394 2872 poenam
409 2808 480 2876 culpd
491 2824 542 2859 non
555 2824 667 2859 meruere
682 2807 742 2874 pari.

199 2878 317 2932 Obruerit
332 2880 400 2931 sevis
415 2878 470 2931 clim
484 2889 524 2931 tot
541 2880 611 2931 Deus
628 2880 732 2947 equoris
748 2878 839 2949 undis,

153 2964 188 3017 3o
235 2952 273 3002 Ex
287 2951 333 3003 illis
349 2954 425 3022 mergi
440 2971 496 3021 pars
508 2968 587 3021 ¹quota
603 2954 673 3022 digna
688 2950 759 3005 suit?
