1975 3700
84 277 87 280 ·
157 264 300 358 Error.
328 283 385 332 ax
412 267 557 333 Ponto
581 265 677 336 LI.
719 267 795 360 289

76 382 110 434 Et
126 384 231 440 discam,
249 381 333 434 Getici
350 399 402 449 quae
417 383 499 433 norint
514 383 589 433 verba
604 380 723 450 juvenci,
804 399 835 450 55

119 456 230 506 Assuet'as
245 457 292 506 illis
309 454 468 522 adjiciamque
485 456 571 506 minas.

80 530 135 598 lpse
147 563 156 588 ,
168 537 245 579 'manu
259 531 369 594 capulum
384 530 464 596 prensi
479 529 618 579 moderatus
633 529 725 591 aratri,

118 603 236 670 Experiar
253 602 320 652 moti
337 603 447 670 spargere
465 603 545 652 semen
562 604 646 653 humo.

78 677 138 728 Nec
155 675 262 725 dubitem
279 676 358 744 longis
374 693 477 743 purgare
493 676 612 742 ligonibus
628 693 703 736 arva,

118 749 150 799 Et
166 750 223 798 dare
237 749 305 814 jam,
325 749 408 799 siciens
425 766 483 814 quas
498 751 563 798 bibat
577 750 682 807 hortus,
700 767 782 816 aquas.
804 750 838 803 60

79 823 156 874 Unde
167 823 208 872 sed
220 824 267 872 hoc
279 823 366 878 nobis,
381 823 508 872 'minimum
517 837 580 888 quos
591 822 655 871 inter
667 824 692 873 δι
702 825 793 874 hostem

93 905 96 916 '
117 895 255 946 Discrimen
270 911 351 946 murus
364 896 489 962 clausaque
506 907 576 960 porta
592 894 674 945 facit?

81 969 116 1020 At
132 969 178 1018 tibi
194 969 301 1019 nascenti
315 1003 324 1026 ,
342 970 407 1034 qnod
423 981 478 1019 toto
493 968 594 1033 pedore
609 970 701 1028 laetor,

119 1044 216 1092 Ner-unt
234 1043 319 1092 fatales
335 1041 406 1090 sortia
424 1042 463 1091 sila
480 1043 552 1092 Deae.

81 1115 120 1166 Te
129 1115 203 1166 modd
214 1115 317 1180 Campus
325 1115 483 1173 habendensis
491 1113 566 1166 modd
574 1117 683 1180 porticus
691 1115 788 1167 umbri:
802 1118 834 1182 65

119 1191 211 1247 Nunc,
227 1187 252 1238 in
269 1205 317 1254 quo
333 1189 404 1254 ponis
421 1201 531 1254 tempora
546 1205 618 1246 rara,
636 1191 736 1238 sorum.

81 1262 185 1312 Umbria
199 1255 263 1312 nrtnc
279 1274 380 1311 revocat
390 1279 398 1312 t
410 1279 457 1312 nec
472 1279 522 1312 non
536 1261 631 1311 Albana
647 1275 773 1329 petentem

117 1334 198 1402 Appia
214 1335 318 1384 ferventi
335 1335 401 1384 ducit
417 1336 442 1384 in
459 1351 516 1384 arva
532 1332 597 1385 toti.

82 1409 193 1460 Forsitan
207 1406 246 1458 hic
263 1419 352 1474 optes,
370 1421 397 1458 ut
411 1407 494 1473 justam
510 1408 638 1476 supprimat
651 1408 711 1458 iram

119 1481 220 1540 Caesa13
241 1482 267 1532 δι
282 1481 411 1547 hospitium
427 1483 459 1532 sit
474 1494 517 1531 tua
531 1482 586 1531 visla
603 1498 691 1532 meum.
778 1531 782 1540 ,
801 1499 837 1545 70

81 1553 120 1604 Ah
132 1555 138 1604 !
150 1554 248 1604 nimium
259 1553 293 1604 est
301 1587 308 1611 ,
317 1555 395 1620 quod,
406 1556 499 1613 amice,
509 1557 587 1620 petis:
599 1553 747 1605 moderatius
756 1568 814 1622 opta
825 1573 832 1605 ι

118 1629 151 1679 Et
168 1629 240 1685 voti,
258 1628 357 1694 quaeso,
375 1630 492 1677 contrahe
509 1629 626 1677 relatui.

82 1699 160 1752 Terra
176 1701 249 1750 velim
263 1702 381 1766 propior,
399 1702 507 1768 nuliique
522 1701 628 1750 obnoxia
643 1700 727 1760 bello,

117 1775 221 1826 Detur:
233 1774 281 1824 erit
294 1773 377 1824 nostris
394 1790 448 1840 pars
463 1777 527 1824 bona
543 1775 624 1824 dernta
638 1773 716 1824 maiis.

142 1869 788 1977 φι-Η--έ--τὸἵμ--ι-έῦ

233 2000 699 2068 EPISTOLA·IX.

324 2120 610 2188 MAXIMO·
663 2199 666 2205 4

81 2212 151 2373 Q
162 2292 180 2329 tr
188 2294 213 2331 ra
226 2277 282 2331 mihi
294 2280 325 2331 de
336 2292 406 2349 rapto
416 2293 457 2332 tua
469 2281 539 2341 venit
549 2282 649 2347 epistola
660 2281 753 2346 Cesso,

154 2354 266 2405 Protinus
281 2354 316 2405 est
331 2356 442 2423 lacrymis
457 2354 555 2405 humida
568 2356 629 2406 fasta
643 2358 714 2409 meis.

79 2428 206 2495 Quodque
222 2428 290 2478 nesae
307 2428 388 2488 disto,
403 2428 459 2478 sieri
472 2446 519 2479 nac
534 2429 601 2496 posse
615 2432 718 2496 putavi,

117 2501 201 2551 invitis
219 2502 296 2553 oculis
310 2502 380 2551 litera
395 2502 456 2552 lesia
469 2514 511 2551 tua
526 2503 570 2552 est.

79 2576 135 2627 Nec
151 2574 278 2641 quidquam
294 2575 323 2623 ad
340 2574 429 2625 nostras
445 2576 557 2641 pervenit
571 2574 682 2626 acerbius
696 2593 783 2637 aurea,
797 2591 810 2641 5

115 2648 151 2698 Ut
167 2648 246 2697 sumus
261 2648 285 2696 in
301 2646 400 2707 Pont03
418 2650 610 2715 perveniatque,
628 2667 726 2714 precor.

77 2720 144 2773 Ante
158 2736 227 2770 meos
241 2722 327 2771 oculos
341 2734 461 2788 tamquam
477 2723 602 2787 prasentia
616 2723 697 2790 imago

116 2794 220 2851 Haeret,
238 2794 264 2845 &
280 2794 416 2843 exstinsium
430 2794 516 2844 vivete
532 2793 601 2862 fingit
616 2812 695 2845 arnor.

78 2866 148 2932 Saepe
163 2867 240 2916 refert
254 2868 348 2917 animus
362 2868 425 2917 lusus
441 2868 561 2934 gravitate
574 2880 706 2921 carentest

40 2940 44 2945 ’
116 2940 184 2991 Seria
201 2956 256 2990 cum
271 2938 360 3006 liquidi
375 2940 436 3011 sape
453 2940 549 3009 pera&
564 2939 624 2995 fide.
692 3004 696 3009 ‚
800 2954 833 2994 to

143 3012 265 3066 Tomus'l
268 3012 285 3063 Ι
289 3012 313 3067 Ι.
718 3016 744 3076 is
