1975 3700
164 213 806 360 risionnnirn.111.139

88 379 147 433 1²0st
163 381 222 431 iliud
239 397 286 431 nec
302 397 359 430 aves
374 397 447 432 cunas
462 378 560 434 violasse
574 380 706 438 feruntur3

130 453 162 503 Et
178 454 254 504 rediit
268 471 365 520 puero,
378 455 422 520 ‘qui
437 455 483 504 suit
498 466 574 511 ante,
591 455 670 504 cosor.

90 526 195 590 Pinguia
211 544 256 578 cnr
272 528 318 578 iilis
336 527 458 596 gustentur
472 528 537 578 larda
552 527 683 586 kalendis,

128 601 259 668 Mixtaque
277 617 332 650 cum
350 601 428 652 calido
442 601 473 652 sit
489 601 641 658 fabriano,
657 616 729 667 rogas
741 597 756 649 ἓ.
819 615 869 664 170

90 672 173 724 Prisca
188 674 244 724 Dea
259 674 292 725 est
303 691 312 734 ;
325 673 445 742 aliturque
460 674 538 733 cibis,
554 674 639 740 quibus
653 686 711 725 ante
727 673 840 733 solebat3
879 667 885 678 ’

128 747 186 797 Nec
200 749 263 813 petit
278 747 379 798 adscitas
395 747 515 803 luxuriosa
531 750 615 813 dapes.

88 819 167 872 Piscis
184 821 263 871 adhuc
277 822 311 871 illi
328 823 419 888 populo
433 821 486 871 sine
503 820 587 870 fraude
603 821 722 880 natabat,

127 893 265 961 Ostreaque
281 895 307 944 in
321 894 420 944 conchis
435 906 487 944 tuta
504 894 574 944 fuere
588 892 645 943 suit.

86 967 145 1017 Nec
161 966 256 1018 Latium
273 967 362 1026 norat,
381 985 451 1035 quarn
467 968 561 1034 praebet
576 967 646 1016 sonia
661 965 750 1026 dives,
817 980 865 1032 175

126 1041 183 1090 Nec
202 1057 253 1108 quae
270 1039 385 1108 Pygmaeo
399 1041 514 1108 sangnine
531 1039 639 1106 gaudet,
656 1055 734 1089 avem.

86 1113 121 1162 Et
138 1126 229 1178 praeter
244 1131 335 1180 pennas
353 1115 413 1164 nihii
427 1115 452 1163 in
467 1107 564 1180 pavone
579 1113 713 1178 placebrt;

126 1187 182 1236 Nec
199 1189 273 1238 tellus
289 1200 371 1254 captas
387 1187 482 1238 miserat
497 1200 554 1236 ante
569 1187 643 1236 seras.

84 1259 134 1310 Sur
152 1272 205 1309 erat
220 1260 245 1310 in
260 1261 339 1328 pretio
355 1277 362 1310 ε
378 1259 439 1312 rarsi
456 1261 516 1320 sue,
533 1259 591 1311 festa
607 1259 730 1310 colebant.

87 1339 89 1342 '
125 1333 206 1382 Terra
222 1333 288 1384 sabas
304 1331 413 1393 tantum,
430 1334 538 1400 duraque
554 1334 617 1383 sarra
633 1334 713 1383 dabat.
814 1331 864 1383 180

85 1404 155 1468 Quae
172 1406 220 1456 duo
236 1407 309 1458 mixta
323 1407 395 1458 simul
409 1406 481 1458 sextis
496 1407 641 1474 quicumque
656 1405 766 1458 kalendis

125 1477 231 1540 Ederit‚
252 1480 307 1530 huic
323 1480 377 1532 laedi
393 1479 484 1532 viscera
501 1480 567 1545 posse
582 1493 680 1548 negant.

84 1552 156 1603 Arce
173 1569 270 1620 quoque
287 1554 310 1604 in
326 1553 414 1604 summi
429 1553 519 1607 Iunoni
531 1555 625 1620 ‘templa
640 1553 751 1604 Monetae

123 1625 163 1676 Ex
178 1639 240 1676 voto
254 1640 387 1678 memorant
403 1627 484 1687 satia,
502 1627 623 1684 Camillo,
640 1639 696 1677 tuo.

82 1698 155 1750 Ante
170 1699 256 1753 domus
273 1698 351 1750 Manli
367 1701 482 1759 fuerant,
499 1701 540 1767 qui
556 1699 652 1752 Gallica
669 1699 790 1765 quondam
813 1697 842 1748 18
847 1713 860 1762 5

122 1773 147 1822 A
165 1771 306 1840 Capitolino
323 1773 412 1838 repulit
428 1789 493 1824 arma
512 1772 586 1826 Jove.

82 1845 169 1911 Qnim
186 1846 268 1906 bene,
289 1845 324 1897 Di
339 1847 418 1916 magni
434 1845 440 1897 Ι
458 1845 539 1915 pugni
553 1843 677 1897 cecidisset
691 1843 717 1895 in
731 1845 773 1895 iila

120 1918 247 1971 Defensor
263 1920 334 1978 solii,
351 1919 463 1987 iuppiter
480 1922 550 1978 aste,
568 1920 624 1971 tuis

80 1992 177 2051 Vixit,
194 2004 221 2043 ut
238 1993 363 2044 occideret
379 1994 504 2046 damnatus
518 1993 617 2045 crimine
630 1992 719 2061 regni:

121 2064 196 2115 Hunc
213 2064 247 2117 illi
262 2066 358 2117 titutum
374 2068 446 2135 longa
462 2067 557 2119 seneiia
572 2068 653 2118 dabat.
810 2079 860 2131 190

81 2139 139 2207 Lua
156 2139 241 2189 eadem
259 2139 336 2190 Marti
351 2140 410 2191 sessa
425 2141 480 2200 est,
496 2158 570 2208 quern
582 2139 699 2207 prospicit
714 2150 783 2189 entra

122 2212 268 2278 Appositum
283 2213 366 2264 Tettae
382 2226 453 2279 porta
469 2212 568 2281 Capena
582 2213 637 2265 viae.

80 2285 123 2336 Te
138 2302 253 2353 quoque,
270 2286 429 2353 Tempestas,
447 2288 557 2338 meritam
574 2286 673 2337 delubra
688 2285 810 2345 fatemur,

121 2358 184 2407 Cum
200 2376 269 2425 paene
286 2359 320 2409 est
337 2359 420 2411 Corsis
438 2363 524 2412 obruta
538 2361 621 2411 classis
635 2359 712 2426 aquis.
856 2416 859 2422 ¹

80 2432 145 2485 Haec
156 2432 279 2483 hominum
290 2447 444 2484 monumenta
455 2446 540 2501 patent
551 2450 560 2485 z
571 2434 593 2484 si
602 2434 707 2501 quaeritis
717 2432 786 2492 astra,
810 2446 856 2496 195

119 2506 192 2555 Tunc
209 2507 286 2557 oritur
301 2508 380 2575 magni
397 2524 490 2574 praepes
504 2508 597 2557 adunca
614 2507 694 2561 Jovis.

80 2578 276 2631 POSTERA
293 2580 335 2630 iux
354 2580 471 2649 Hyadas,
486 2580 599 2631 Taurinae
616 2598 708 2631 cornua
723 2580 831 2635 montis,

118 2652 233 2704 Evocat:
249 2653 274 2704 &
290 2654 365 2703 munt
381 2666 446 2703 terra
461 2654 577 2705 madescit
591 2655 661 2722 aqui.

80 2726 112 2777 M
120 2726 140 2778 A
151 2726 202 2777 NE
219 2727 259 2776 ubi
276 2726 369 2787 suerit,
387 2725 541 2795 Phoebusque
555 2727 785 2783 intraverimus,

34 2824 41 2833 ·
110 2800 240 2865 Fassaque
256 2800 320 2858 erit,
336 2800 417 2866 posito
434 2817 490 2852 rore
504 2836 512 2862 ,
528 2802 564 2853 bis
582 2802 630 2853 uda
646 2803 734 2871 segesr
782 2853 784 2857 Α
804 2814 857 2851 200

80 2873 134 2925 Hac
144 2873 244 2923 sacrata
259 2876 298 2925 die
314 2875 396 2925 Tusco
410 2876 512 2926 Bessona
529 2875 611 2925 duello

78 2976 81 2985 ·
114 2946 235 3001 Dicitur:
249 2948 274 3003 &
288 2948 360 3003 Latio
375 2949 489 3019 prospera
504 2948 597 3015 semper
611 2948 688 3001 adest.
728 3004 733 3011 ,
