1975 3700
140 259 443 330 Fasroavn
469 259 673 328 ΜΒΝ.
725 261 775 353 87

64 377 123 428 Hoc
139 392 208 444 pater
219 379 306 429 iliades
318 413 325 437 ‚
344 376 397 428 crim
411 379 511 446 longum
526 375 643 426 scriberet
653 395 759 440 annum,

103 453 173 504 Vidit
185 470 193 510 ;
210 453 236 503 δι
249 452 358 502 ιυᾶοτες
372 453 454 502 retulit
468 450 517 518 ipse
533 449 598 500 suos.

64 526 151 592 thue
167 526 221 575 lero
237 527 310 576 Marti
325 526 423 592 primam
440 525 508 574 dedit
523 524 608 573 ordine
622 523 730 584 sortem,
786 541 818 590 25

103 598 179 662 Quod
194 599 238 648 sibi
255 599 362 649 nascenti
375 599 481 664 proxima
495 597 565 647 causa
580 597 648 656 suit;

61 670 104 721 Sic
120 671 245 722 Venerem
261 673 373 740 gradibus
386 674 465 722 multis
483 672 507 720 in
522 684 596 738 gente
610 683 731 738 repertam

102 743 210 796 Alterius
226 747 306 796 voluit
321 747 409 796 mensis
425 747 517 795 habere
533 745 624 796 locum.

61 816 260 886 Principiumque
276 820 310 870 sui
325 819 441 887 generis,
457 818 617 885 revolutaque
632 835 742 884 querens

101 891 190 941 Secula
203 926 210 950 ‚
230 905 347 960 cognatos
362 892 431 940 venit
446 891 476 940 ad
492 907 570 956 usque
584 892 665 942 Deos.
787 903 822 958 30

60 963 200 1014 Dardanon
212 963 309 1015 Electri
322 965 425 1016 nesciret
436 965 562 1014 Atlantide
575 976 669 1014 cretum

99 1037 223 1088 Scilicet?
241 1038 351 1089 Eleslran
367 1037 521 1088 concubuisse
532 1036 589 1088 lori
602 1035 614 1086 l

61 1109 144 1176 Hujus
161 1112 352 1163 Erichthonius:
365 1111 429 1161 Tros
444 1112 477 1162 esl
494 1109 624 1178 generatus
637 1111 667 1159 ab
681 1109 744 1168 illo;

101 1183 230 1236 Assaracon
246 1197 314 1235 creat
329 1186 368 1236 hic
381 1219 388 1243 ‚
408 1185 583 1251 Assaracusque
599 1183 695 1250 Capyn.

61 1255 190 1309 Proximus
202 1260 346 1316 Anchisen,
364 1275 418 1309 cum
433 1277 481 1326 quo
497 1273 626 1308 commune
640 1257 748 1322 parentis
786 1270 818 1321 35

100 1332 158 1381 Non
173 1332 300 1399 dedignata
315 1333 348 1383 esi
361 1349 451 1383 nomen
464 1334 555 1382 habere
569 1333 666 1384 Venus.

60 1403 129 1453 Hinc
144 1405 207 1456 satus
223 1403 333 1465 AEneas,
351 1408 428 1472 pietas
445 1406 550 1472 speetata
567 1421 611 1472 per
626 1405 713 1472 ignes,

101 1478 193 1538 Sacra,
210 1491 352 1546 patremque
365 1480 489 1535 humeris,
508 1481 584 1528 altera
599 1479 685 1538 sacra,
700 1477 767 1526 tulit.

59 1552 181 1603 Venimus
197 1553 227 1602 ad
241 1553 301 1603 selix
317 1554 444 1620 aliquando
459 1567 549 1602 nomen
563 1549 629 1609 ltili3

99 1624 174 1674 Unde
191 1626 275 1676 domus
288 1625 400 1677 Teucros
417 1625 478 1678 Julia
495 1626 573 1692 tangit
588 1641 657 1673 avos.
784 1637 820 1684 4ο

61 1696 188 1746 Postumus
201 1699 258 1747 huic
270 1694 337 1764 {qui
350 1732 357 1756 ‚
375 1699 440 1764 quod
455 1697 520 1748 siluis
531 1699 576 1747 suit
591 1710 660 1748 ortus
672 1697 698 1746 in
711 1695 783 1755 altis,
866 1731 870 1738 -

100 1771 188 1820 Silvius
206 1771 232 1819 in
247 1771 317 1820 Latia
334 1783 406 1838 gente
422 1784 526 1820 vocatus
542 1782 603 1820 erat.

59 1845 135 1911 Isque
147 1880 154 1904 ‚
173 1841 258 1895 Latine
270 1878 277 1902 ‚
298 1845 341 1895 tibi
353 1859 423 1911 pater
436 1845 469 1895 esl
482 1862 490 1895 :
502 1843 564 1894 subit
573 1844 637 1895 Alba
648 1841 759 1893 Latinum
770 1859 779 1901 ς

99 1918 227 1970 Proximus
245 1919 277 1968 eli
293 1918 368 1969 titulis
380 1919 486 1987 Epiros,
505 1919 588 1977 Alba,
607 1919 666 1968 tuis.

61 1992 108 2041 llle
126 1992 193 2042 dedit
205 1991 284 2061 Capyi
298 1994 405 2043 recidiva
421 1993 541 2043 vocabula
553 1990 660 2057 Trojae;
787 2004 821 2053 45

99 2066 131 2115 Et
146 2078 203 2116 tuus
220 2066 253 2115 est
268 2066 350 2127 idem,
371 2067 496 2131 Calpete,
514 2065 590 2116 {aeus
608 2082 677 2115 avus.

67 2137 261 2207 Cumque'patris
272 2156 373 2209 regnum
384 2140 435 2207 post
446 2141 512 2189 hunc
522 2139 655 2189 Tiberinus
665 2138 766 2187 haberet
778 2170 786 2196 ‚

99 2214 196 2263 Dicitur
210 2214 234 2262 in
248 2212 352 2263 Thuscae
367 2213 463 2281 gurgite
477 2211 568 2261 mersus
584 2228 661 2278 aquae·

62 2286 77 2338 J
79 2304 114 2334 am
125 2298 205 2338 tamen
216 2285 341 2354 Agrippan
351 2286 475 2354 genitum,
490 2284 667 2350 Remulumque
679 2294 794 2350 nepotem

99 2361 202 2411 Viderat
215 2374 223 2409 t
236 2361 260 2409 in
274 2359 404 2410 Remulum
420 2359 519 2410 sulmina
533 2358 595 2408 missa
609 2358 702 2408 serunt.
789 2372 822 2423 50

62 2433 141 2485 Venit
155 2433 290 2484 Aventinus
306 2432 359 2501 post
375 2434 420 2484 hos
432 2448 440 2484 t
452 2435 522 2483 locus
538 2433 603 2482 unde
616 2444 741 2489 vocatus,

101 2506 178 2556 Mons
189 2524 286 2573 quoque
298 2522 306 2555 z
319 2507 370 2573 posi
382 2506 448 2557 illum
461 2508 549 2556 tradita
559 2522 632 2573 regna
645 2504 739 2555 Procae.

63 2577 147 2643 Quem
161 2578 267 2645 sequitur
282 2580 327 2629 diri
336 2580 452 2629 Numitor
467 2587 593 2647 genuanus
604 2577 695 2629 Amuli.

101 2653 144 2702 llia
162 2669 215 2702 cum
228 2652 306 2702 Lauso
323 2654 353 2703 de
368 2653 498 2702 Numitore
515 2653 567 2702 sati.

63 2726 127 2777 Ense
145 2726 209 2776 cadit
224 2738 311 2792 patruo
321 2724 411 2776 Lausus
424 2741 431 2776 a
444 2726 527 2793 placet
542 2726 586 2776 llia
599 2724 696 2782 Martia
788 2738 820 2791 55

101 2800 188 2866 Teque
204 2800 285 2866 parit,
304 2800 401 2867 gemino
415 2798 496 2865 janue
512 2798 615 2864 Quirine
629 2798 719 2848 Remo.

62 2875 109 2926 ille
126 2873 181 2923 suos
196 2874 289 2941 semper
302 2875 427 2927 Venerem
441 2873 595 2941 Martemque
610 2884 725 2938 parentes

100 2946 171 2999 Dixit
183 2980 197 3007 ,Δ
210 2948 236 3000 δι
252 2948 355 2999 emeruit
369 2948 438 2999 uocis
452 2948 542 2999 habere
558 2946 641 2998 fidem.
