1975 3700
126 245 272 326 Eersr.
298 263 357 316 rx
382 250 529 318 Porro
553 247 592 326 L.
617 248 688 324 IV.
717 247 792 342 365

75 363 141 432 Styx
151 382 250 432 quoque
260 399 268 424 ,
280 363 300 414 si
312 364 370 432 quid
380 381 410 416 ee
419 365 473 421 esi,
486 366 550 416 bene
561 367 746 418 commutabitur
757 367 815 418 istro
828 383 836 417 r

116 439 143 487 si
153 439 210 504 quid
222 440 248 490 &
258 439 378 497 inferius,
391 442 462 504 quint
470 439 547 506 Styga
557 471 565 498 ,
577 439 679 490 mundus
690 441 773 494 hebet.

78 509 200 561 Gramina
210 513 290 562 cultus
300 528 377 579 eger,
392 512 467 579 frigus
478 510 555 564 ruinis
568 513 619 562 odit
630 513 733 564 hirundo
744 547 752 574 ,

116 579 228 635 Proxima
241 585 381 636 Marticolis
397 589 468 651 quim
482 586 538 636 loca
552 585 617 635 Naso
633 584 718 638 Getis.

77 657 152 706 Talia
168 658 310 708 succensent
324 671 426 725 propter
441 658 499 708 mihi
514 659 589 708 verba
605 657 731 720 Tomitae,
804 675 833 725 15

115 731 203 797 iraque
220 731 364 782 carminibus
378 731 475 796 publica
491 743 557 782 moti
573 731 642 784 meis.

77 802 147 871 Ergo
161 821 210 872 ego
225 803 319 855 cessabo
334 821 463 870 numquam
478 821 523 870 per
538 805 643 856 carmina
658 805 734 866 ledi,

116 876 210 927 Pieiiar
226 879 253 930 δι
268 877 367 928 incauto
384 876 476 944 semper
491 879 521 928 rb
540 877 663 944 ingenio?

77 950 147 1017 Ergo
163 967 231 1021 eget,
247 967 279 1000 ne
295 950 416 1009 scribam,
433 949 524 1018 digitos
539 950 646 1002 incidere
662 951 785 1004 cuniior?

113 1023 227 1091 Telaque
241 1024 320 1074 adhuc
334 1024 450 1082 demens,
469 1040 523 1089 quer
537 1039 666 1084 nocuere,
681 1025 786 1092 sequor?
801 1041 835 1077 20

76 1097 117 1146 Ari
132 1109 231 1148 veteres
247 1097 360 1162 scopulos
374 1097 463 1148 iteruin
478 1097 613 1156 devertor;
627 1099 658 1148 ad
672 1099 745 1159 illas,

113 1168 144 1220 in
159 1172 245 1236 quibus
260 1169 361 1220 offendit
377 1171 491 1238 naufraga
508 1171 613 1236 puppis,
628 1189 711 1238 aquas.

76 1243 128 1294 Sed
142 1244 201 1298 nihil
214 1243 316 1301 admisi:
329 1244 395 1294 nulla
410 1244 443 1293 est
459 1260 513 1293 rnen
527 1246 614 1311 culpa,
635 1245 760 1304 Tumitaet
775 1301 782 1318 .

117 1316 191 1380 Quos
207 1334 274 1386 ego,
293 1314 346 1368 ciun
362 1317 417 1367 ioca
430 1317 476 1368 sim
492 1315 572 1368 vesica
586 1318 705 1383 perosus,
723 1335 787 1370 erno.
816 1380 818 1386 Ι

77 1389 192 1453 Quilibet
208 1390 317 1442 excutiat
333 1390 406 1440 nostri
418 1402 573 1441 monumenta
591 1390 699 1448 laboris,
798 1406 831 1455 25

114 1462 198 1513 Litera
216 1464 246 1514 de
262 1464 332 1514 vobis
348 1463 383 1514 est
397 1480 451 1525 urea
466 1463 547 1530 questa
563 1464 632 1514 nihii.
898 1455 902 1466 ’

77 1534 185 1602 Frigus,
202 1535 352 1587 &incursus
367 1537 433 1586 omni
447 1537 476 1586 de
492 1549 562 1604 parte
579 1537 719 1597 timendos,

117 1609 150 1660 Et
164 1610 229 1676 quud
243 1610 351 1676 pulsetur
366 1625 448 1659 murus
463 1611 493 1660 ab
509 1609 594 1668 hoste,
614 1627 712 1675 queror·
785 1631 787 1634 ·

75 1684 105 1734 ln
125 1685 199 1741 loca,
218 1699 268 1733 non
284 1683 414 1741 homiues,
430 1683 554 1734 verissime
571 1683 668 1734 crimina
684 1684 754 1735 dixi:

117 1756 227 1822 Culparis
237 1756 345 1807 'vestrum
359 1773 404 1807 vos
419 1772 516 1824 quoque
534 1755 595 1820 saepe
613 1756 697 1808 solum.
799 1769 834 1822 30

77 1829 144 1881 Esset
160 1828 281 1897 perpetuis
296 1830 336 1884 sua
351 1834 421 1897 quiin
435 1829 540 1887 ‚vitabilis
557 1829 650 1889 Ascra,

116 1904 182 1953 Ausa
196 1904 230 1954 esi
243 1904 356 1972 agricoiae
374 1903 444 1953 Musa
462 1904 552 1953 docere
570 1903 641 1953 senis.

78 1977 114 2028 At
130 1977 210 2027 suerat
224 1977 290 2027 terri
305 1976 421 2044 genitus,
438 1976 480 2043 qui
496 1976 608 2043 scripsit,
625 1976 649 2027 in
664 1976 723 2029 illac

117 2050 234 2100 intumuit
248 2050 297 2101 vati
314 2066 361 2101 nec
376 2063 458 2101 tamen
474 2049 549 2099 Ascra
565 2049 617 2101 suo.

79 2122 144 2186 Quis
158 2124 260 2189 patriam
275 2124 374 2175 sollerte
389 2124 465 2191 magis
480 2123 566 2172 dilexit
577 2121 683 2190 Ulyssei
800 2134 832 2187 35

117 2196 174 2245 Hoc
190 2208 271 2257 tamen
285 2196 399 2262 asperitas
412 2196 492 2246 indice
508 2208 565 2245 nota
582 2196 630 2244 luci
647 2194 691 2247 est.

79 2270 139 2320 Non
153 2271 228 2328 loca,
244 2269 286 2319 sed
300 2286 380 2319 mores
397 2270 464 2319 disiis
478 2268 576 2319 vexavit
591 2268 675 2317 amaris
758 2298 760 2303 ·

118 2342 233 2407 Scepsius
249 2342 387 2401 Ausonios,
405 2341 504 2408 asiaque
521 2342 598 2393 Roma
613 2356 654 2391 rea
671 2340 714 2391 est.
761 2369 763 2373 ,

80 2416 148 2467 Falsa
164 2427 246 2465 tamen
260 2414 322 2481 paffa
338 2414 372 2465 est
386 2415 455 2481 aqui
470 2416 580 2465 convicia
594 2426 694 2473 mente,
744 2446 747 2451 -

118 2488 208 2539 Obsuit
222 2488 314 2538 auiiori
329 2505 376 2539 nec
393 2489 444 2538 sera
460 2489 541 2555 lingua
556 2488 608 2539 suo.
800 2500 836 2549 40

45 2591 49 2598 ·
81 2560 116 2613 At
130 2562 206 2612 malus
222 2561 360 2627 interpres,
376 2562 459 2628 popuii
474 2561 533 2611 mihi
551 2562 657 2611 concitat
673 2561 750 2620 iram,

120 2634 197 2700 inque
211 2650 301 2684 novum
318 2635 408 2684 crimen
425 2634 528 2685 carmina
543 2634 621 2685 nostra
635 2647 717 2685 vocat.

83 2706 146 2756 Tam
160 2707 220 2757 felix
233 2707 344 2767 utinam,
361 2711 432 2775 quim
443 2708 541 2773 peiiore
557 2706 690 2766 candidus,
708 2705 779 2757 essem
793 2704 801 2755 i

79 2794 83 2799 ·
119 2779 202 2830 Exstat
216 2780 383 2831 adhuc-nemo
400 2780 490 2831 saucius
508 2796 552 2831 ore
568 2798 634 2831 meo.

8 2831 13 2912 i
81 2852 173 2910 Adde,
189 2854 254 2918 qttod
269 2853 366 2921 lllyrici
380 2854 401 2905 si
415 2852 462 2919 jam
476 2854 530 2919 pice
544 2854 633 2920 nigrior
649 2852 736 2911 essem,
801 2868 834 2916 45

116 2926 175 2979 Non
192 2927 323 2980 mordenda
338 2928 396 2979 mibi
413 2928 483 2979 turba
500 2918 577 2979 fidelis
594 2940 657 2981 erat.

682 2996 745 3063 uin
