1975 3700
137 242 434 311 Mororum
458 238 565 311 era.
593 242 664 314 VJ.
719 262 792 339 155

77 359 210 413 Exciderat
223 376 313 417 sumu,
329 358 436 426 lorisque
451 358 602 411 morantibus
617 371 702 421 artos,

115 434 281 502 Hippolytus,
296 434 379 483 lacero
397 448 519 499 corpore,
536 444 618 498 raptus
634 447 706 493 erat3

77 507 275 572 Reddideratque
286 506 386 555 animam
398 537 406 564 ‚
425 507 526 557 multum
537 506 677 574 indignante
689 506 778 561 Dioni.
798 524 853 575 745

116 581 206 638 Nulla,
226 578 387 638 Coronides,
405 578 473 629 causa
491 578 603 637 doloris,
622 581 664 631 ait.

76 654 190 719 Namque
204 653 246 719 pio
261 652 345 720 juveni
362 652 436 703 vitam
451 652 505 703 sine
521 654 625 705 vulnere
641 655 759 716 reddam,

115 726 148 776 Et
163 726 253 783 cedent
268 725 314 775 arti
328 725 401 775 tristia
418 725 467 776 sata
483 742 553 777 meae.

76 791 328 851 Graminsluontinud
343 796 439 849 loculis*
447 798 568 865 depromit
580 799 696 860 ebumist

114 871 259 924 Profuerant
276 870 366 923 Glauci
381 872 496 923 Manibus
511 872 553 922 illa
566 870 653 939 pritis;
798 892 854 941 750

74 938 169 1006 Tune,
188 944 242 997 edm
257 944 395 1010 observatas
412 962 488 1013 augur
505 944 629 996 descendit
643 948 668 997 in
682 948 789 1009 herbass

114 1018 179 1070 Usus
195 1019 222 1071 δι
237 1018 327 1070 atullio
343 1018 376 1069 est
392 1019 476 1087 anguis
490 1018 521 1068 ab
537 1034 616 1086 angue
631 1020 699 1070 dato.

74 1091 179 1143 Pedere
194 1104 233 1143 ter
247 1092 347 1159 tetigit,
365 1106 403 1143 ter
418 1093 493 1143 verba
510 1091 611 1142 salubria
628 1094 709 1153 dixit3

113 1166 259 1231 Depositum
274 1165 339 1216 terri
353 1165 444 1215 sustulit
459 1165 502 1215 ille
517 1176 600 1231 caput.

73 1239 156 1289 Lucus
168 1256 242 1298 eum,
261 1238 415 1306 nemorisque
425 1238 480 1297 tui,
499 1238 639 1307 Dislynna,
657 1240 762 1295 recessus
798 1256 852 1308 755

113 1312 185 1363 Celat
197 1328 207 1381 ς
223 1311 323 1363 Aricino
337 1313 436 1365 Virbius
451 1312 492 1364 ille
508 1314 573 1365 lacu.

73 1386 110 1436 At
127 1384 262 1454 Clymenus
279 1385 419 1454 Clothoque
434 1385 539 1444 dolent,
554 1386 609 1438 haec
622 1384 662 1437 fila
677 1384 780 1446 reneri,

111 1458 160 1509 Hic
177 1458 230 1511 lieri
245 1460 314 1527 regni
330 1460 384 1527 jura
398 1459 492 1512 minora
507 1459 551 1511 sui.
826 1470 830 1475 ’

71 1533 89 1587 J
92 1533 205 1598 uppiter,
219 1534 356 1599 exemplum
370 1533 480 1593 veritus,
499 1525 587 1584 direxit
599 1532 624 1583 in
639 1532 708 1584 illum

112 1606 241 1664 Fulmina,
257 1608 297 1672 qui
313 1606 391 1657 nimiae
406 1618 517 1658 moverat
531 1607 590 1657 artis
603 1622 686 1672 opem.
796 1604 853 1673 760

72 1678 167 1729 Phoebe
180 1713 188 1738 ,
210 1680 359 1745 querebatis.
377 1678 449 1729 Deus
464 1679 499 1728 eli
510 1694 519 1729 t
530 1682 626 1746 placare
639 1678 742 1744 parenti.

112 1751 217 1818 Propter
232 1764 277 1813 te,
294 1750 348 1801 sieri
363 1752 429 1817 quod
444 1762 532 1810 uetat,
547 1752 597 1817 ipse
613 1752 682 1805 sarit.

71 1828 96 1876 N
107 1825 162 1877 ΟΝ
174 1841 222 1894 ego
234 1837 277 1883 re,
297 1826 404 1893 quamvis
413 1825 555 1893 properabis
565 1824 681 1886 vincere,
695 1824 776 1877 Caesar
787 1860 795 1885 ‚

110 1900 136 1949 Si
151 1899 382 1965 veterauspitium‚
399 1901 468 1968 signa
482 1915 583 1950 movere
596 1901 681 1951 velim.

71 1975 125 2024 Sint
136 1973 318 2025 tibi-flaminius
329 2007 337 2034 ‚
352 1974 566 2043 Thrasymenaque
576 1973 648 2024 litora
660 2006 668 2033 ,
684 1971 777 2034 testes,
797 1972 849 2038 765

110 2046 157 2097 Per
171 2048 287 2098 volucres
302 2063 385 2116 arquos
401 2049 476 2098 multa
491 2062 592 2098 monem
607 2047 688 2097 Deos.

73 2119 197 2186 Tempora
214 2121 343 2173 si-veteris
360 2121 446 2189 quaeris
462 2120 590 2172 temeraria
604 2119 707 2179 damni;

111 2192 219 2256 Quartus
237 2197 266 2244 ab
285 2207 395 2246 extremo
411 2194 492 2245 melle
509 2195 547 2246 bis
563 2194 605 2244 ille
621 2194 682 2244 dies.

73 2265 232 2318 POSTERA
249 2270 291 2317 lux
306 2269 413 2318 meliors
425 2267 521 2334 superat
538 2265 659 2317 Masinissa
674 2265 832 2334 Syphacem

110 2340 142 2391 Et
158 2340 249 2390 cecidit
265 2340 322 2391 telis
337 2341 474 2393 Hasdrubal
491 2340 543 2406 ipse
559 2339 616 2390 suis.
797 2357 852 2404 770

72 2411 246 2464 TEMPORA
262 2413 393 2474 labuntur,
412 2415 541 2482 tacitisque
556 2411 699 2465 senescimus
715 2412 805 2473 annisa

111 2486 144 2536 Et
158 2486 274 2554 fugiunt,
294 2487 365 2538 freno
380 2505 430 2538 non
445 2499 603 2547 remorante,
622 2487 685 2539 dies.

75 2558 158 2624 Quim
173 2557 226 2610 eisd
240 2573 360 2612 venerunt
374 2561 489 2612 Fortuna
504 2561 584 2613 Fortis
600 2560 730 2613 bonores!

111 2631 168 2683 Post
185 2630 276 2698 septem
292 2636 360 2685 luces
378 2633 464 2686 lunius
482 2635 548 2689 attus
566 2634 623 2687 erit.

73 2708 133 2764 lte,
150 2706 236 2756 Deam·
245 2705 293 2756 laeti
307 2707 407 2758 Fortem
424 2710 568 2769 celebrate,
588 2707 723 2774 Quirites:
797 2721 850 2774 775

111 2780 140 2830 ln
157 2779 255 2832 Tiberis
272 2779 325 2846 ripis
341 2798 441 2834 munera
458 2781 534 2852 Regis
549 2783 634 2836 babet.

74 2852 131 2904 Pars
149 2853 232 2918 pede,
249 2871 305 2921 pass
322 2855 394 2908 etiam
408 2855 483 2908 celeri
500 2857 622 2914 decurrite
640 2852 743 2924 cymbia

113 2928 169 2980 Nec
185 2928 275 2996 pudeat
293 2942 367 2999 poros
382 2931 439 2984 inde
453 2930 533 2985 redire
550 2930 656 2984 tomum·
678 2999 704 3052 G
735 2941 763 3012 j

718 3017 744 3070 vl
