1975 3700
194 251 265 322 ¹52
314 225 355 297 P.
382 230 577 301 Orrnrr
603 234 844 303 Nasonis

127 347 159 415 63
166 364 178 412 5
191 353 263 419 Signa
275 350 342 401 dedit
353 349 477 410 Genitor,
486 362 539 401 tttm
553 348 609 403 etun
621 363 695 417 capnt
709 352 768 419 igne
783 352 897 415 corusco

228 424 358 491 Contigit,
374 424 448 489 inque
462 425 533 475 comi
548 425 672 475 flamineus
687 425 747 475 arsit
763 442 843 491 apex.

189 498 229 547 Tc
244 514 341 563 quoque
354 496 500 564 magnifici,
516 496 673 557 Concordia,
690 498 791 547 dedicat
806 499 866 549 aede

226 570 313 629 Uria,
330 587 401 637 quam
416 587 474 620 caro
491 571 602 637 praestitit
616 571 658 621 illa
673 572 738 621 viro.

191 644 266 694 Disce
280 655 382 702 tamen,
397 645 500 695 veniens
514 656 595 703 aetas,
609 646 652 693 ubi
666 644 736 693 Livia
752 660 824 693 nunc
840 642 878 695 est

129 716 182 778 640
229 716 361 775 Porticus,
378 717 500 767 immensae
515 718 580 767 tedia
593 716 661 767 fuisse
676 716 772 767 doniis.

193 788 267 839 Urbis
281 806 342 856 opus
358 789 442 841 domus
456 808 506 841 una
520 790 568 841 snit
581 806 589 840 ε
602 789 753 856 spatiumque
767 792 897 846 tenebat,

229 860 289 926 Quo
307 864 404 913 brevius
418 865 491 913 muris
507 863 596 930 oppida
606 865 683 914 muita
696 876 794 914 tenent.

193 935 255 985 Haec
270 949 363 1002 aequata
378 937 429 985 solo
446 937 497 994 esi,
514 938 583 987 nulio
599 936 641 986 sub
655 937 755 988 crimine
770 936 870 1005 regni,

230 1009 279 1059 Sed
295 1010 349 1077 quia
364 1010 458 1059 luxurii
473 1010 522 1059 vib
538 1027 631 1061 nocere
645 1008 696 1061 sud.

133 1081 183 1146 645
197 1082 309 1133 Sustinuit
324 1095 403 1135 tantu
420 1099 521 1149 operum
537 1083 681 1135 subvertere
691 1085 794 1142 moles,

231 1156 331 1223 Totque
349 1156 401 1206 suas
419 1157 491 1207 heres
506 1157 611 1222 perdere
629 1156 709 1207 Caesar
725 1173 798 1223 opes.

195 1229 236 1280 Sic
251 1230 329 1297 agitur
346 1230 463 1289 censura,
481 1230 507 1281 &
521 1232 557 1281 sic
573 1232 684 1295 exempla
698 1242 818 1296 parantur
828 1262 841 1287 ,

233 1301 295 1353 Cdm
309 1302 417 1363 vindex,
434 1304 494 1354 alios
514 1303 579 1369 quod
595 1317 698 1361 monet,
716 1303 768 1369 ipse
784 1301 860 1353 facit,

195 1376 269 1427 Nulla
283 1388 342 1425 nota
356 1376 406 1434 est,
423 1377 540 1427 veniente
555 1377 615 1435 die,
627 1394 699 1443 quarn
712 1376 804 1425 ducere
823 1375 921 1441 possis·

135 1450 150 1499 6
156 1464 187 1511 50
235 1448 317 1498 idibus
334 1449 422 1500 invitto
438 1449 492 1500 sunt
508 1451 563 1500 data
576 1452 667 1516 templa
679 1449 748 1503 Jovi.

197 1520 228 1571 Et
245 1518 293 1585 jam
308 1520 474 1589 Quinquatrus
488 1523 577 1589 jubeor
591 1540 688 1575 narmre
704 1523 823 1573 minores.

234 1595 306 1645 Nunc
318 1595 395 1653 ades,
415 1613 431 1645 o
444 1596 451 1646 s
466 1598 570 1661 coeptis,
588 1598 651 1647 flava
664 1595 795 1655 Minerva,
812 1595 891 1646 meis.

198 1666 249 1717 Cur
264 1685 339 1736 vagus
355 1668 447 1718 incedit
460 1670 515 1719 totd
528 1669 621 1719 tibicen
634 1670 659 1719 in
674 1666 766 1719 Urbe?

236 1740 302 1805 Quid
316 1741 361 1791 sibi
376 1741 505 1807 personae,
523 1742 580 1807 quid
594 1742 653 1791 stola
667 1744 758 1809 longa,
776 1739 896 1791 volunt?

138 1814 169 1876 65
177 1828 188 1877 5
202 1813 242 1864 Sic
258 1830 327 1882 ego:
344 1815 378 1865 sic
392 1814 472 1881 posits
486 1814 600 1865 Tritonia
618 1815 715 1881 cuspide
730 1813 802 1868 dixit.

237 1887 300 1937 Pace
315 1888 389 1938 velim
406 1889 482 1940 dottae
497 1890 573 1938 rerba
588 1889 681 1938 referre
694 1888 767 1938 Deae.

200 1961 362 2028 Temporibus
378 1973 489 2012 veterum
502 1961 606 2012 tibicinis
623 1961 677 2011 usus
691 1977 794 2010 avorum

178 2085 180 2089 ,
236 2033 362 2101 Magnus,
382 2034 409 2085 ὅ(
425 2035 450 2084 in
466 2051 555 2102 magno
570 2034 664 2101 semper
679 2034 774 2084 honore
792 2032 855 2084 suit.

202 2107 319 2158 Cantabat
334 2106 414 2166 sanis,
432 2107 545 2158 cantabat
558 2108 616 2157 tibia
632 2107 717 2166 ludis,

140 2179 192 2230 660
241 2180 359 2231 Cantabat
376 2179 459 2230 maessis
475 2181 533 2229 tibia
548 2180 683 2230 funeribus.
898 2242 902 2248 Δ

201 2252 290 2304 Dulcis
305 2267 357 2308 erat
371 2254 484 2304 mercede
497 2255 566 2303 labor
583 2269 597 2303 :-
606 2265 750 2319 tempusque
766 2251 902 2312 secutum,

238 2325 314 2390 Quod
328 2327 405 2378 subitd
420 2324 502 2393 Graiae
519 2326 642 2392 frangeret
657 2326 715 2376 artis
730 2342 802 2392 opus.

202 2399 272 2449 Adde
289 2401 353 2466 quod
367 2397 473 2456 AEdilisr,
488 2415 601 2464 pompam
616 2399 657 2466 qui
671 2398 762 2450 funeris
776 2399 846 2450 irent
856 2407 886 2458 ,⁸

239 2471 352 2522 Artifices
371 2473 434 2524 solos
449 2471 546 2538 jusserat
560 2471 607 2522 effe
622 2473 716 2522 decem.
811 2491 817 2508 =

141 2543 190 2609 665
206 2545 299 2596 Exsilio
316 2557 409 2594 mutant
425 2547 537 2604 Urbem,
557 2545 684 2610 Tiburque
698 2543 820 2594 recedunt
829 2558 841 2601 ς

240 2618 359 2670 Exsilium
374 2619 475 2684 quodam
490 2631 601 2686 tempore
615 2619 692 2668 Tibur
708 2629 770 2668 erat.

204 2691 329 2758 Quaeritur
343 2691 368 2741 in
385 2692 454 2741 scena
468 2708 527 2741 cava
541 2691 597 2741 tibia
609 2708 619 2749 3
638 2691 752 2759 quaeritur
768 2688 831 2742 aris:

239 2765 316 2816 Ducit
331 2763 452 2830 supremos
469 2763 548 2814 nenia
564 2765 629 2815 nulla
644 2767 742 2814 choros.

204 2838 329 2892 Servierat.
340 2838 450 2906 quidam,
468 2837 619 2904 quantolibet
633 2836 718 2887 ordine
736 2834 845 2902 dignus,

143 2914 195 2978 670
242 2913 356 2966 Tibure:
375 2912 416 2968 scd
432 2907 507 2981 longo
521 2922 632 2979 ternpore
649 2910 709 2963 liber
725 2922 788 2962 erar·
