1975 3700
135 249 443 318 murorum
470 245 578 315 Lru.
604 247 688 316 111.
739 250 789 341 65

77 366 231 433 Quinetiam
248 381 328 434 partes
344 368 448 417 totidem
463 367 615 418 Titiensibus
628 367 712 428 idem,

117 441 236 508 Quosque
251 455 341 492 vocant
355 441 478 500 Ramnes,
494 440 677 508 Luceribusque
693 441 770 493 dedit.

79 515 192 566 Assuetos
207 516 280 582 igitur
296 531 409 564 numeros
425 515 528 564 serravit
543 515 568 563 in
582 531 655 566 auno.

116 587 172 637 Hoc
188 590 256 655 luget
270 587 348 652 spatio
361 587 447 636 semina
462 587 540 637 masta
555 589 643 639 virum.

7 709 9 728 ,
78 663 135 712 Neu
151 660 264 718 dubites,
283 661 365 725 primae
380 661 470 710 suerint
483 663 542 728 quin
556 676 613 711 ante
627 661 737 712 kalendae
803 674 852 728 135

7 731 9 742 '
115 733 203 783 Martis
218 734 269 792 ;ad
286 736 338 784 hac
352 735 455 784 animum
470 736 537 801 signa
552 736 645 785 reserre
661 749 745 802 potes.

80 807 176 856 Laurea
191 807 354 864 Fluminibus,
374 825 427 873 quae
442 818 499 856 toto
512 807 612 874 perslitit
626 825 709 868 amno,

117 879 244 929 Tolliturt
259 879 284 930 dt
299 879 397 930 frondes
413 881 465 928 sunt
479 881 612 931 inhonore
627 899 709 933 novae.

79 953 157 1009 Jauua
171 968 236 1002 uunc
248 955 313 1019 regis
329 953 407 1018 positi
423 953 486 1002 viret
501 956 587 1004 arbote
601 954 708 1014 Pboebig

118 1026 184 1075 Ante
200 1039 255 1076 tues
267 1025 297 1076 sit
311 1027 393 1084 idem,
412 1023 485 1074 Curia
501 1027 598 1092 prisca,
615 1028 693 1078 sores.
804 1042 856 1091 140

78 1099 153 1152 verta
169 1115 266 1165 quoque
281 1113 309 1149 ut
323 1099 384 1148 solio
399 1099 475 1148 niteat
488 1100 569 1149 velata
583 1101 698 1159 retenti,

116 1172 191 1222 Cedit
205 1175 235 1222 ab
250 1172 329 1222 iliacis
344 1174 425 1222 laurea
442 1189 501 1222 carra
515 1173 585 1223 focis.

79 1244 171 1303 Adde,
188 1246 254 1312 quod
269 1246 354 1295 arcani
369 1244 422 1294 sieri
437 1263 516 1296 novus
531 1247 593 1313 ignis
606 1245 632 1296 iu
646 1247 701 1299 edo

117 1318 234 1378 Dicitur3
253 1317 279 1370 δι
291 1320 356 1369 vires
370 1319 462 1368 flamma
476 1320 567 1370 resetla
583 1320 656 1387 capit.

80 1391 136 1440 Nec
151 1392 208 1443 milri
222 1409 295 1458 parva
308 1391 387 1450 sides,
404 1409 480 1442 annos
496 1394 553 1442 lriuc
567 1393 609 1443 isse
623 1393 736 1459 priores,
803 1406 835 1453 14
840 1407 852 1455 5

118 1465 191 1514 Anna
201 1466 267 1532 quod
281 1466 329 1516 hoc
343 1478 422 1531 caepta
437 1466 470 1515 esl
485 1467 566 1516 mense
582 1466 690 1517 Perenna
706 1465 764 1516 coli.

81 1537 147 1587 Hinc
163 1539 236 1588 etiam
251 1551 348 1590 veteres
363 1539 415 1588 initi
432 1551 596 1591 memorantur
608 1541 715 1591 bonores

120 1611 158 1660 Ad
174 1611 273 1676 spatium
288 1612 365 1670 belli,
380 1611 474 1676 perfide
490 1613 584 1672 Poene,
601 1613 647 1663 tui.

81 1684 199 1750 Demque
207 1683 310 1750 aptemus
325 1686 363 1732 ab
369 1686 416 1734 boc
434 1687 514 1735 suerat
526 1682 662 1750 Quintilis:
675 1685 701 1736 δι
714 1686 773 1737 inde

120 1757 228 1822 lncipit,
246 1775 259 1805 a
274 1771 376 1806 numero
391 1751 486 1808 nomina
502 1760 609 1826 quisquis
622 1761 705 1809 habet.
806 1773 857 1820 150

81 1830 196 1889 Primus,
214 1829 332 1881 oliviferis
347 1830 447 1881 Romam
463 1831 580 1883 dedudlus
594 1832 631 1882 ab
640 1832 723 1893 arvis,
793 1862 797 1869 ·

120 1904 250 1969 Pompilius
265 1904 359 1956 menses
374 1906 446 1955 sensit
462 1906 540 1956 abesse
556 1906 628 1957 duos.

81 1978 140 2028 Sive
156 1978 204 2027 hoc
221 1994 235 2027 a
251 1978 332 2027 Samio
347 1978 452 2035 dolius,
472 1980 513 2045 qui
525 1978 592 2045 posse
605 1979 698 2031 renasci

121 2052 174 2101 Nos
190 2062 279 2117 putat3
298 2051 385 2119 Egerii
401 2053 453 2102 sive
468 2066 584 2103 monente
601 2053 651 2103 sud.

82 2125 131 2175 Sed
146 2136 228 2177 tamen
243 2126 355 2175 errabant
369 2125 499 2178 etiamnum
513 2140 643 2192 tempora,
661 2126 741 2176 donee
807 2137 856 2187 155

121 2196 221 2247 Caesaris
237 2198 356 2247 immultls
372 2201 425 2249 haec
440 2216 538 2265 quoque
552 2216 610 2248 cura
624 2199 679 2249 suit.

82 2270 142 2321 Non
157 2270 210 2319 haec
225 2270 267 2319 ille
282 2271 352 2321 Deus
365 2302 372 2327 ,
391 2283 514 2337 tantaeque
530 2272 668 2339 propaginis
684 2270 785 2330 tuslor,

122 2341 234 2393 Credidit
249 2342 336 2394 officiis
350 2343 397 2393 else
412 2345 506 2395 minora
522 2346 588 2403 suis3

83 2414 272 2482 Promissumque
285 2417 331 2466 sibi
345 2418 424 2467 voluit
438 2419 591 2483 praenoscere
605 2418 714 2477 coelum

121 2490 176 2537 Nec
191 2489 261 2539 Deus
276 2490 371 2557 ignotas
386 2491 473 2556 hospes
487 2492 548 2541 inire
564 2491 659 2542 domos.
807 2488 858 2542 160

82 2562 130 2613 Ille
145 2577 224 2611 moras
239 2562 321 2621 Solis,
340 2565 425 2629 quibus
441 2564 465 2612 in
480 2564 520 2613 sua
534 2564 601 2632 signa
613 2565 724 2624 rediret,
871 2571 874 2576 '

122 2632 237 2683 Traditur
253 2636 340 2685 exatlie
356 2636 491 2701 disposuisse
506 2638 580 2687 uotis.
655 2650 659 2660 ⁴

82 2708 109 2759 Is
125 2707 207 2759 decies
220 2707 291 2758 senos
304 2720 441 2761 teroentum
458 2710 484 2760 dc
499 2712 604 2778 quinque
619 2710 704 2761 diebus

121 2779 223 2837 Iunxit,
244 2780 269 2831 δι
284 2796 298 2831 e
313 2782 386 2847 pleno
401 2794 517 2848 tempore
529 2797 612 2851 quarta
629 2785 693 2834 die.'

81 2852 132 2906 Hic
148 2856 203 2903 anui
218 2854 304 2904 modus
318 2854 407 2905 elisio
424 2855 520 2907 lullrum
535 2857 654 2908 accedere
668 2858 762 2916 debet,
807 2853 856 2917 165

121 2926 185 2994 Quae
198 2928 351 2981 consumente
364 2931 490 2999 partibus,
507 2948 556 2983 una
569 2932 633 2984 dies.
