<?xml version="1.0" encoding="UTF-8"?>
<!DOCTYPE html PUBLIC "-//W3C//DTD XHTML 1.0 Transitional//EN"
    "http://www.w3.org/TR/xhtml1/DTD/xhtml1-transitional.dtd">
<html xmlns="http://www.w3.org/1999/xhtml" xml:lang="en" lang="en">
 <head>
  <title>
</title>
<meta http-equiv="Content-Type" content="text/html;charset=utf-8" />
  <meta name='ocr-system' content='tesseract 3.04.00' />
  <meta name='ocr-capabilities' content='ocr_page ocr_carea ocr_par ocr_line ocrx_word'/>
</head>
<body>
  <div class='ocr_page' id='page_1' title='image "./povidiinasoniso00unkngoog_0070.png"; bbox 0 0 1975 3700; ppageno 0'>
   <div class='ocr_carea' id='block_1_1' title="bbox 175 223 825 328">
    <p class='ocr_par' dir='ltr' id='par_1_1' title="bbox 175 223 825 328">
     <span class='ocr_line' id='line_1_1' title="bbox 175 223 825 328; baseline 0.011 -29"><span class='ocrx_word' id='word_1_1' title='bbox 175 223 477 300; x_wconf 68' lang='lat' dir='ltr'>Fasro‘evr&#39;r</span> <span class='ocrx_word' id='word_1_2' title='bbox 502 230 609 301; x_wconf 77' lang='lat' dir='ltr'>Lru.</span> <span class='ocrx_word' id='word_1_3' title='bbox 635 233 724 302; x_wconf 86' lang='lat' dir='ltr'><em>III.</em></span> <span class='ocrx_word' id='word_1_4' title='bbox 775 231 825 328; x_wconf 89' lang='lat'>67</span> 
     </span>
    </p>
   </div>
   <div class='ocr_carea' id='block_1_2' title="bbox 63 347 886 2988">
    <p class='ocr_par' dir='ltr' id='par_1_2' title="bbox 103 347 845 490">
     <span class='ocr_line' id='line_1_2' title="bbox 103 347 845 416; baseline -0.004 -12"><span class='ocrx_word' id='word_1_5' title='bbox 103 349 212 416; x_wconf 72' lang='lat' dir='ltr'>Jamque</span> <span class='ocrx_word' id='word_1_6' title='bbox 229 347 282 400; x_wconf 74' lang='lat' dir='ltr'>seri</span> <span class='ocrx_word' id='word_1_7' title='bbox 293 362 366 416; x_wconf 81' lang='lat' dir='ltr'>raptae</span> <span class='ocrx_word' id='word_1_8' title='bbox 377 362 477 400; x_wconf 86' lang='lat' dir='ltr'>matrum</span> <span class='ocrx_word' id='word_1_9' title='bbox 491 365 588 416; x_wconf 89' lang='lat' dir='ltr'>quoque</span> <span class='ocrx_word' id='word_1_10' title='bbox 599 365 687 400; x_wconf 90' lang='lat' dir='ltr'>nomen</span> <span class='ocrx_word' id='word_1_11' title='bbox 704 351 823 402; x_wconf 83' lang='lat' dir='ltr'>habebant</span> <span class='ocrx_word' id='word_1_12' title='bbox 834 365 845 410; x_wconf 74' lang='lat'>3</span> 
     </span>
     <span class='ocr_line' id='line_1_3' title="bbox 147 423 786 490; baseline 0.006 -17"><span class='ocrx_word' id='word_1_13' title='bbox 147 423 287 489; x_wconf 69' lang='lat' dir='ltr'>Trailaque</span> <span class='ocrx_word' id='word_1_14' title='bbox 304 436 373 472; x_wconf 88' lang='lat' dir='ltr'>erant</span> <span class='ocrx_word' id='word_1_15' title='bbox 390 424 462 490; x_wconf 79' lang='lat' dir='ltr'>longi</span> <span class='ocrx_word' id='word_1_16' title='bbox 478 425 541 472; x_wconf 85' lang='lat' dir='ltr'>bella</span> <span class='ocrx_word' id='word_1_17' title='bbox 557 424 690 490; x_wconf 91' lang='lat' dir='ltr'>propinqua</span> <span class='ocrx_word' id='word_1_18' title='bbox 708 425 786 478; x_wconf 75' lang='lat' dir='ltr'>mori.</span> 
     </span>
    </p>

    <p class='ocr_par' dir='ltr' id='par_1_3' title="bbox 63 495 885 637">
     <span class='ocr_line' id='line_1_4' title="bbox 63 495 885 562; baseline 0 -15"><span class='ocrx_word' id='word_1_19' title='bbox 63 503 66 508; x_wconf 88' lang='lat'>&#39;</span> <span class='ocrx_word' id='word_1_20' title='bbox 106 496 270 548; x_wconf 81' lang='lat' dir='ltr'>Conveniunt</span> <span class='ocrx_word' id='word_1_21' title='bbox 287 509 367 562; x_wconf 81' lang='lat' dir='ltr'>nuptae</span> <span class='ocrx_word' id='word_1_22' title='bbox 383 495 581 557; x_wconf 71' lang='lat' dir='ltr'>didtamlunonis</span> <span class='ocrx_word' id='word_1_23' title='bbox 598 498 622 546; x_wconf 93' lang='lat' dir='ltr'>in</span> <span class='ocrx_word' id='word_1_24' title='bbox 638 499 735 550; x_wconf 79' lang='lat' dir='ltr'>aedem:</span> <span class='ocrx_word' id='word_1_25' title='bbox 834 511 885 560; x_wconf 87' lang='lat'>205</span> 
     </span>
     <span class='ocr_line' id='line_1_5' title="bbox 149 569 712 637; baseline 0.002 -18"><span class='ocrx_word' id='word_1_26' title='bbox 149 570 219 634; x_wconf 84' lang='lat' dir='ltr'>Quas</span> <span class='ocrx_word' id='word_1_27' title='bbox 235 571 299 620; x_wconf 85' lang='lat' dir='ltr'>inter</span> <span class='ocrx_word' id='word_1_28' title='bbox 315 586 368 620; x_wconf 90' lang='lat' dir='ltr'>mea</span> <span class='ocrx_word' id='word_1_29' title='bbox 382 569 417 620; x_wconf 93' lang='lat' dir='ltr'>sic</span> <span class='ocrx_word' id='word_1_30' title='bbox 433 569 465 620; x_wconf 81' lang='lat' dir='ltr'>est</span> <span class='ocrx_word' id='word_1_31' title='bbox 481 587 554 620; x_wconf 90' lang='lat' dir='ltr'>nurus</span> <span class='ocrx_word' id='word_1_32' title='bbox 569 572 620 620; x_wconf 87' lang='lat' dir='ltr'>orsa</span> <span class='ocrx_word' id='word_1_33' title='bbox 635 572 712 637; x_wconf 92' lang='lat' dir='ltr'>loqui.</span> 
     </span>
    </p>

    <p class='ocr_par' dir='ltr' id='par_1_4' title="bbox 108 643 845 784">
     <span class='ocr_line' id='line_1_6' title="bbox 108 643 845 710; baseline 0 -16"><span class='ocrx_word' id='word_1_34' title='bbox 108 643 139 694; x_wconf 90' lang='grc'>0</span> <span class='ocrx_word' id='word_1_35' title='bbox 152 643 159 692; x_wconf 88' lang='lat'>!</span> <span class='ocrx_word' id='word_1_36' title='bbox 173 644 264 710; x_wconf 90' lang='lat' dir='ltr'>pariter</span> <span class='ocrx_word' id='word_1_37' title='bbox 274 656 349 709; x_wconf 83' lang='lat' dir='ltr'>raptae</span> <span class='ocrx_word' id='word_1_38' title='bbox 360 677 369 700; x_wconf 92' lang='lat'>,</span> <span class='ocrx_word' id='word_1_39' title='bbox 391 644 504 709; x_wconf 90' lang='lat' dir='ltr'>quoniam</span> <span class='ocrx_word' id='word_1_40' title='bbox 513 646 562 693; x_wconf 91' lang='lat' dir='ltr'>hoc</span> <span class='ocrx_word' id='word_1_41' title='bbox 573 661 702 696; x_wconf 86' lang='lat' dir='ltr'>commune</span> <span class='ocrx_word' id='word_1_42' title='bbox 712 658 824 696; x_wconf 88' lang='lat' dir='ltr'>tenemus</span> <span class='ocrx_word' id='word_1_43' title='bbox 836 677 845 704; x_wconf 86' lang='lat'>,</span> 
     </span>
     <span class='ocr_line' id='line_1_7' title="bbox 148 716 633 784; baseline 0 -18"><span class='ocrx_word' id='word_1_44' title='bbox 148 718 208 766; x_wconf 90' lang='lat' dir='ltr'>Non</span> <span class='ocrx_word' id='word_1_45' title='bbox 222 717 284 766; x_wconf 89' lang='lat' dir='ltr'>ultra</span> <span class='ocrx_word' id='word_1_46' title='bbox 301 716 367 767; x_wconf 73' lang='lat' dir='ltr'>lenti</span> <span class='ocrx_word' id='word_1_47' title='bbox 383 716 502 782; x_wconf 73' lang='lat' dir='ltr'>poli&#39;umus</span> <span class='ocrx_word' id='word_1_48' title='bbox 516 716 562 767; x_wconf 81' lang='lat' dir='ltr'>elle</span> <span class='ocrx_word' id='word_1_49' title='bbox 577 719 633 784; x_wconf 79' lang='lat' dir='ltr'>piae.</span> 
     </span>
    </p>

    <p class='ocr_par' dir='ltr' id='par_1_5' title="bbox 106 789 886 931">
     <span class='ocr_line' id='line_1_8' title="bbox 106 789 795 859; baseline 0 -19"><span class='ocrx_word' id='word_1_50' title='bbox 106 789 182 840; x_wconf 80' lang='lat' dir='ltr'><strong>Stant</strong></span> <span class='ocrx_word' id='word_1_51' title='bbox 197 789 263 840; x_wconf 86' lang='lat' dir='ltr'>acies</span> <span class='ocrx_word' id='word_1_52' title='bbox 276 805 283 839; x_wconf 74' lang='grc' dir='ltr'><em>τ</em></span> <span class='ocrx_word' id='word_1_53' title='bbox 296 789 336 838; x_wconf 89' lang='lat' dir='ltr'>sed</span> <span class='ocrx_word' id='word_1_54' title='bbox 352 791 404 840; x_wconf 74' lang='lat' dir='ltr'>utri</span> <span class='ocrx_word' id='word_1_55' title='bbox 420 789 453 838; x_wconf 85' lang='lat' dir='ltr'>Di</span> <span class='ocrx_word' id='word_1_56' title='bbox 469 790 517 839; x_wconf 88' lang='lat' dir='ltr'>sint</span> <span class='ocrx_word' id='word_1_57' title='bbox 533 808 578 856; x_wconf 91' lang='lat' dir='ltr'>pro</span> <span class='ocrx_word' id='word_1_58' title='bbox 593 804 660 856; x_wconf 89' lang='lat' dir='ltr'>parte</span> <span class='ocrx_word' id='word_1_59' title='bbox 675 791 795 859; x_wconf 86' lang='lat' dir='ltr'>rogandi,</span> 
     </span>
     <span class='ocr_line' id='line_1_9' title="bbox 147 862 886 931; baseline -0.001 -18"><span class='ocrx_word' id='word_1_60' title='bbox 147 864 240 931; x_wconf 82' lang='lat' dir='ltr'>Eligire</span> <span class='ocrx_word' id='word_1_61' title='bbox 252 879 259 913; x_wconf 91' lang='lat'><strong>:</strong></span> <span class='ocrx_word' id='word_1_62' title='bbox 270 863 326 912; x_wconf 87' lang='lat' dir='ltr'>hinc</span> <span class='ocrx_word' id='word_1_63' title='bbox 342 863 452 928; x_wconf 77' lang='lat' dir='ltr'>conjux,</span> <span class='ocrx_word' id='word_1_64' title='bbox 471 862 527 910; x_wconf 89' lang='lat' dir='ltr'>hinc</span> <span class='ocrx_word' id='word_1_65' title='bbox 544 877 613 928; x_wconf 86' lang='lat' dir='ltr'>parer</span> <span class='ocrx_word' id='word_1_66' title='bbox 628 882 691 914; x_wconf 81' lang='lat' dir='ltr'>arma</span> <span class='ocrx_word' id='word_1_67' title='bbox 706 880 803 915; x_wconf 86' lang='lat' dir='ltr'>tenent.</span> <span class='ocrx_word' id='word_1_68' title='bbox 833 878 886 913; x_wconf 82' lang='lat' dir='ltr'>aro</span> 
     </span>
    </p>

    <p class='ocr_par' dir='ltr' id='par_1_6' title="bbox 108 934 747 1076">
     <span class='ocr_line' id='line_1_10' title="bbox 108 934 747 1002; baseline 0.003 -16"><span class='ocrx_word' id='word_1_69' title='bbox 108 936 297 1002; x_wconf 82' lang='lat' dir='ltr'>Quaerendum,</span> <span class='ocrx_word' id='word_1_70' title='bbox 316 937 394 986; x_wconf 85' lang='lat' dir='ltr'>viduae</span> <span class='ocrx_word' id='word_1_71' title='bbox 409 934 462 984; x_wconf 83' lang='lat' dir='ltr'>fieri</span> <span class='ocrx_word' id='word_1_72' title='bbox 477 936 602 995; x_wconf 85' lang='lat' dir='ltr'>malimus,</span> <span class='ocrx_word' id='word_1_73' title='bbox 617 955 648 987; x_wconf 85' lang='lat' dir='ltr'>an</span> <span class='ocrx_word' id='word_1_74' title='bbox 664 940 747 989; x_wconf 66' lang='lat' dir='ltr'>orba).¹</span> 
     </span>
     <span class='ocr_line' id='line_1_11' title="bbox 148 1009 671 1076; baseline 0.004 -18"><span class='ocrx_word' id='word_1_75' title='bbox 148 1009 284 1060; x_wconf 86' lang='lat' dir='ltr'>Consilium</span> <span class='ocrx_word' id='word_1_76' title='bbox 302 1011 371 1060; x_wconf 86' lang='lat' dir='ltr'>vobis</span> <span class='ocrx_word' id='word_1_77' title='bbox 387 1011 452 1060; x_wconf 87' lang='lat' dir='ltr'>forre</span> <span class='ocrx_word' id='word_1_78' title='bbox 469 1009 581 1076; x_wconf 87' lang='lat' dir='ltr'>piumque</span> <span class='ocrx_word' id='word_1_79' title='bbox 598 1011 671 1061; x_wconf 87' lang='lat' dir='ltr'>dabo.</span> 
     </span>
    </p>

    <p class='ocr_par' dir='ltr' id='par_1_7' title="bbox 108 1082 814 1226">
     <span class='ocr_line' id='line_1_12' title="bbox 108 1082 814 1150; baseline 0 -16"><span class='ocrx_word' id='word_1_80' title='bbox 108 1083 246 1134; x_wconf 81' lang='lat' dir='ltr'>Consilium</span> <span class='ocrx_word' id='word_1_81' title='bbox 264 1085 372 1133; x_wconf 79' lang='lat' dir='ltr'>dederat.</span> <span class='ocrx_word' id='word_1_82' title='bbox 389 1082 497 1141; x_wconf 89' lang='lat' dir='ltr'>Parent,</span> <span class='ocrx_word' id='word_1_83' title='bbox 515 1083 654 1150; x_wconf 80' lang='lat' dir='ltr'>crinemque</span> <span class='ocrx_word' id='word_1_84' title='bbox 669 1083 814 1144; x_wconf 79' lang='lat' dir='ltr'>resolvuot3</span> 
     </span>
     <span class='ocr_line' id='line_1_13' title="bbox 146 1156 707 1226; baseline 0.005 -20"><span class='ocrx_word' id='word_1_85' title='bbox 146 1156 279 1223; x_wconf 82' lang='lat' dir='ltr'>Maestaque</span> <span class='ocrx_word' id='word_1_86' title='bbox 297 1157 396 1206; x_wconf 73' lang='lat' dir='ltr'>funerei</span> <span class='ocrx_word' id='word_1_87' title='bbox 413 1173 516 1222; x_wconf 90' lang='lat' dir='ltr'>corpora</span> <span class='ocrx_word' id='word_1_88' title='bbox 531 1156 596 1207; x_wconf 85' lang='lat' dir='ltr'>veste</span> <span class='ocrx_word' id='word_1_89' title='bbox 610 1169 707 1226; x_wconf 80' lang='lat' dir='ltr'>tegunt.</span> 
     </span>
    </p>

    <p class='ocr_par' dir='ltr' id='par_1_8' title="bbox 106 1229 883 1372">
     <span class='ocr_line' id='line_1_14' title="bbox 106 1229 883 1297; baseline -0.001 -17"><span class='ocrx_word' id='word_1_90' title='bbox 106 1229 164 1284; x_wconf 80' lang='lat' dir='ltr'>Jam</span> <span class='ocrx_word' id='word_1_91' title='bbox 180 1230 272 1280; x_wconf 80' lang='lat' dir='ltr'>stabant</span> <span class='ocrx_word' id='word_1_92' title='bbox 286 1231 351 1280; x_wconf 87' lang='lat' dir='ltr'>acies</span> <span class='ocrx_word' id='word_1_93' title='bbox 367 1231 433 1280; x_wconf 88' lang='lat' dir='ltr'>ferro</span> <span class='ocrx_word' id='word_1_94' title='bbox 449 1229 569 1296; x_wconf 88' lang='lat' dir='ltr'>mortique</span> <span class='ocrx_word' id='word_1_95' title='bbox 585 1243 694 1297; x_wconf 81' lang='lat' dir='ltr'>paratae,</span> <span class='ocrx_word' id='word_1_96' title='bbox 832 1243 883 1293; x_wconf 87' lang='lat'>215</span> 
     </span>
     <span class='ocr_line' id='line_1_15' title="bbox 145 1302 679 1372; baseline 0 -18"><span class='ocrx_word' id='word_1_97' title='bbox 145 1302 200 1354; x_wconf 85' lang='lat' dir='ltr'>Jam</span> <span class='ocrx_word' id='word_1_98' title='bbox 215 1304 288 1354; x_wconf 86' lang='lat' dir='ltr'>lituus</span> <span class='ocrx_word' id='word_1_99' title='bbox 304 1320 390 1370; x_wconf 80' lang='lat' dir='ltr'>pugnae</span> <span class='ocrx_word' id='word_1_100' title='bbox 407 1304 474 1372; x_wconf 86' lang='lat' dir='ltr'>signa</span> <span class='ocrx_word' id='word_1_101' title='bbox 490 1305 588 1354; x_wconf 90' lang='lat' dir='ltr'>daturus</span> <span class='ocrx_word' id='word_1_102' title='bbox 605 1318 679 1364; x_wconf 81' lang='lat' dir='ltr'>erat3</span> 
     </span>
    </p>

    <p class='ocr_par' dir='ltr' id='par_1_9' title="bbox 107 1374 750 1517">
     <span class='ocr_line' id='line_1_16' title="bbox 107 1374 750 1444; baseline 0.005 -18"><span class='ocrx_word' id='word_1_103' title='bbox 107 1374 172 1426; x_wconf 78' lang='lat' dir='ltr'>Ciam</span> <span class='ocrx_word' id='word_1_104' title='bbox 187 1391 262 1442; x_wconf 85' lang='lat' dir='ltr'>raptae</span> <span class='ocrx_word' id='word_1_105' title='bbox 277 1377 379 1427; x_wconf 80' lang='lat' dir='ltr'>veniunt</span> <span class='ocrx_word' id='word_1_106' title='bbox 393 1376 456 1426; x_wconf 87' lang='lat' dir='ltr'>inter</span> <span class='ocrx_word' id='word_1_107' title='bbox 470 1390 599 1444; x_wconf 82' lang='lat' dir='ltr'>patresque</span> <span class='ocrx_word' id='word_1_108' title='bbox 615 1380 750 1444; x_wconf 83' lang='lat' dir='ltr'>virosque,</span> 
     </span>
     <span class='ocr_line' id='line_1_17' title="bbox 149 1451 716 1517; baseline 0.009 -19"><span class='ocrx_word' id='word_1_109' title='bbox 149 1451 223 1516; x_wconf 86' lang='lat' dir='ltr'>lnque</span> <span class='ocrx_word' id='word_1_110' title='bbox 241 1451 294 1500; x_wconf 91' lang='lat' dir='ltr'>sinu</span> <span class='ocrx_word' id='word_1_111' title='bbox 309 1463 398 1509; x_wconf 88' lang='lat' dir='ltr'>natos,</span> <span class='ocrx_word' id='word_1_112' title='bbox 414 1451 515 1517; x_wconf 83' lang='lat' dir='ltr'>pignora</span> <span class='ocrx_word' id='word_1_113' title='bbox 532 1467 606 1508; x_wconf 85' lang='lat' dir='ltr'>cara,</span> <span class='ocrx_word' id='word_1_114' title='bbox 624 1451 716 1514; x_wconf 72' lang='lat' dir='ltr'>ferunt.</span> 
     </span>
    </p>

    <p class='ocr_par' dir='ltr' id='par_1_10' title="bbox 106 1524 884 1664">
     <span class='ocr_line' id='line_1_18' title="bbox 106 1524 697 1592; baseline 0.002 -18"><span class='ocrx_word' id='word_1_115' title='bbox 106 1524 147 1574; x_wconf 91' lang='lat' dir='ltr'>Ut</span> <span class='ocrx_word' id='word_1_116' title='bbox 163 1524 267 1574; x_wconf 88' lang='lat' dir='ltr'>medium</span> <span class='ocrx_word' id='word_1_117' title='bbox 284 1525 360 1590; x_wconf 86' lang='lat' dir='ltr'>campi</span> <span class='ocrx_word' id='word_1_118' title='bbox 374 1524 448 1590; x_wconf 84' lang='lat' dir='ltr'>passis</span> <span class='ocrx_word' id='word_1_119' title='bbox 466 1525 570 1592; x_wconf 82' lang='lat' dir='ltr'>tetigere</span> <span class='ocrx_word' id='word_1_120' title='bbox 586 1525 697 1591; x_wconf 77' lang='lat' dir='ltr'>capillis,</span> 
     </span>
     <span class='ocr_line' id='line_1_19' title="bbox 148 1597 884 1664; baseline 0.003 -19"><span class='ocrx_word' id='word_1_121' title='bbox 148 1597 176 1645; x_wconf 92' lang='lat' dir='ltr'>ln</span> <span class='ocrx_word' id='word_1_122' title='bbox 192 1609 280 1647; x_wconf 91' lang='lat' dir='ltr'>terram</span> <span class='ocrx_word' id='word_1_123' title='bbox 296 1598 377 1663; x_wconf 89' lang='lat' dir='ltr'>posito</span> <span class='ocrx_word' id='word_1_124' title='bbox 393 1599 546 1662; x_wconf 83' lang='lat' dir='ltr'>procubuere</span> <span class='ocrx_word' id='word_1_125' title='bbox 563 1614 637 1664; x_wconf 82' lang='lat' dir='ltr'>genu.</span> <span class='ocrx_word' id='word_1_126' title='bbox 831 1612 884 1648; x_wconf 89' lang='lat'>220</span> 
     </span>
    </p>

    <p class='ocr_par' dir='ltr' id='par_1_11' title="bbox 104 1669 740 1809">
     <span class='ocr_line' id='line_1_20' title="bbox 104 1669 740 1737; baseline 0.002 -17"><span class='ocrx_word' id='word_1_127' title='bbox 104 1669 161 1727; x_wconf 81' lang='lat' dir='ltr'>Et,</span> <span class='ocrx_word' id='word_1_128' title='bbox 179 1671 246 1734; x_wconf 85' lang='lat' dir='ltr'>quasi</span> <span class='ocrx_word' id='word_1_129' title='bbox 260 1671 394 1729; x_wconf 82' lang='lat' dir='ltr'>sentirent,</span> <span class='ocrx_word' id='word_1_130' title='bbox 410 1670 498 1720; x_wconf 92' lang='lat' dir='ltr'>blando</span> <span class='ocrx_word' id='word_1_131' title='bbox 516 1672 621 1722; x_wconf 85' lang='lat' dir='ltr'>clamore</span> <span class='ocrx_word' id='word_1_132' title='bbox 635 1686 740 1737; x_wconf 81' lang='lat' dir='ltr'>nepotes</span> 
     </span>
     <span class='ocr_line' id='line_1_21' title="bbox 145 1743 687 1809; baseline 0.006 -18"><span class='ocrx_word' id='word_1_133' title='bbox 145 1743 292 1794; x_wconf 84' lang='lat' dir='ltr'>Tendebant</span> <span class='ocrx_word' id='word_1_134' title='bbox 306 1743 337 1792; x_wconf 89' lang='lat' dir='ltr'>ad</span> <span class='ocrx_word' id='word_1_135' title='bbox 350 1760 409 1792; x_wconf 80' lang='lat' dir='ltr'>avos</span> <span class='ocrx_word' id='word_1_136' title='bbox 424 1743 521 1792; x_wconf 86' lang='lat' dir='ltr'>brachia</span> <span class='ocrx_word' id='word_1_137' title='bbox 534 1760 608 1809; x_wconf 82' lang='lat' dir='ltr'>parva</span> <span class='ocrx_word' id='word_1_138' title='bbox 623 1744 687 1794; x_wconf 85' lang='lat' dir='ltr'>suos.</span> 
     </span>
    </p>

    <p class='ocr_par' dir='ltr' id='par_1_12' title="bbox 105 1813 864 1956">
     <span class='ocr_line' id='line_1_22' title="bbox 105 1813 864 1885; baseline 0.003 -20"><span class='ocrx_word' id='word_1_139' title='bbox 105 1813 161 1880; x_wconf 84' lang='lat' dir='ltr'>Qui</span> <span class='ocrx_word' id='word_1_140' title='bbox 176 1827 295 1884; x_wconf 83' lang='lat' dir='ltr'>poterat,</span> <span class='ocrx_word' id='word_1_141' title='bbox 311 1816 427 1867; x_wconf 78' lang='lat' dir='ltr'>clamabat</span> <span class='ocrx_word' id='word_1_142' title='bbox 439 1833 510 1866; x_wconf 84' lang='lat' dir='ltr'>avum</span> <span class='ocrx_word' id='word_1_143' title='bbox 522 1849 530 1883; x_wconf 78' lang='lat'>‚</span> <span class='ocrx_word' id='word_1_144' title='bbox 544 1827 596 1867; x_wconf 88' lang='lat' dir='ltr'>tum</span> <span class='ocrx_word' id='word_1_145' title='bbox 610 1815 714 1885; x_wconf 88' lang='lat' dir='ltr'>denique</span> <span class='ocrx_word' id='word_1_146' title='bbox 728 1815 822 1875; x_wconf 80' lang='lat' dir='ltr'>visum3</span> <span class='ocrx_word' id='word_1_147' title='bbox 862 1821 864 1826; x_wconf 83' lang='lat'>&#39;</span> 
     </span>
     <span class='ocr_line' id='line_1_23' title="bbox 146 1888 692 1956; baseline 0.004 -17"><span class='ocrx_word' id='word_1_148' title='bbox 146 1888 178 1939; x_wconf 88' lang='lat' dir='ltr'>Et</span> <span class='ocrx_word' id='word_1_149' title='bbox 193 1890 234 1956; x_wconf 88' lang='lat' dir='ltr'>qui</span> <span class='ocrx_word' id='word_1_150' title='bbox 248 1890 289 1942; x_wconf 83' lang='lat' dir='ltr'>vix</span> <span class='ocrx_word' id='word_1_151' title='bbox 302 1903 418 1956; x_wconf 87' lang='lat' dir='ltr'>poterat,</span> <span class='ocrx_word' id='word_1_152' title='bbox 437 1889 504 1955; x_wconf 80' lang='lat' dir='ltr'>polle</span> <span class='ocrx_word' id='word_1_153' title='bbox 519 1892 615 1942; x_wconf 72' lang='lat' dir='ltr'>coadlus</span> <span class='ocrx_word' id='word_1_154' title='bbox 630 1904 692 1941; x_wconf 87' lang='lat' dir='ltr'>erar.</span> 
     </span>
    </p>

    <p class='ocr_par' dir='ltr' id='par_1_13' title="bbox 105 1962 881 2106">
     <span class='ocr_line' id='line_1_24' title="bbox 105 1962 881 2033; baseline -0.004 -18"><span class='ocrx_word' id='word_1_155' title='bbox 105 1963 173 2015; x_wconf 85' lang='lat' dir='ltr'>Tela</span> <span class='ocrx_word' id='word_1_156' title='bbox 182 1963 244 2014; x_wconf 70' lang='lat' dir='ltr'>bitis</span> <span class='ocrx_word' id='word_1_157' title='bbox 259 1964 398 2031; x_wconf 86' lang='lat' dir='ltr'>animusque</span> <span class='ocrx_word' id='word_1_158' title='bbox 414 1964 503 2014; x_wconf 87' lang='lat' dir='ltr'>cadunt</span> <span class='ocrx_word' id='word_1_159' title='bbox 514 1980 522 2015; x_wconf 76' lang='lat' dir='ltr'>t</span> <span class='ocrx_word' id='word_1_160' title='bbox 534 1965 667 2033; x_wconf 79' lang='lat' dir='ltr'>gladiisque</span> <span class='ocrx_word' id='word_1_161' title='bbox 683 1962 803 2023; x_wconf 84' lang='lat' dir='ltr'>remotis,</span> <span class='ocrx_word' id='word_1_162' title='bbox 829 1977 881 2027; x_wconf 83' lang='lat'>225</span> 
     </span>
     <span class='ocr_line' id='line_1_25' title="bbox 147 2036 755 2106; baseline 0 -20"><span class='ocrx_word' id='word_1_163' title='bbox 147 2036 215 2087; x_wconf 85' lang='lat' dir='ltr'>Dant</span> <span class='ocrx_word' id='word_1_164' title='bbox 229 2036 307 2088; x_wconf 86' lang='lat' dir='ltr'>soceri</span> <span class='ocrx_word' id='word_1_165' title='bbox 323 2038 438 2106; x_wconf 80' lang='lat' dir='ltr'>generis,</span> <span class='ocrx_word' id='word_1_166' title='bbox 455 2036 644 2105; x_wconf 82' lang='lat' dir='ltr'>accipiuntque,</span> <span class='ocrx_word' id='word_1_167' title='bbox 662 2054 755 2089; x_wconf 84' lang='lat' dir='ltr'>manus.</span> 
     </span>
    </p>

    <p class='ocr_par' dir='ltr' id='par_1_14' title="bbox 105 2108 742 2236">
     <span class='ocr_line' id='line_1_26' title="bbox 105 2108 742 2179; baseline -0.003 -18"><span class='ocrx_word' id='word_1_168' title='bbox 105 2108 275 2178; x_wconf 68' lang='lat' dir='ltr'>laudatasque</span> <span class='ocrx_word' id='word_1_169' title='bbox 289 2123 375 2161; x_wconf 89' lang='lat' dir='ltr'>tenent</span> <span class='ocrx_word' id='word_1_170' title='bbox 390 2124 477 2168; x_wconf 87' lang='lat' dir='ltr'>natas,</span> <span class='ocrx_word' id='word_1_171' title='bbox 493 2112 611 2179; x_wconf 85' lang='lat' dir='ltr'>scutoque</span> <span class='ocrx_word' id='word_1_172' title='bbox 625 2125 742 2178; x_wconf 82' lang='lat' dir='ltr'>nepotem</span> 
     </span>
     <span class='ocr_line' id='line_1_27' title="bbox 144 2183 680 2236; baseline 0.004 -3"><span class='ocrx_word' id='word_1_173' title='bbox 144 2183 164 2233; x_wconf 85' lang='lat' dir='ltr'>F</span> <span class='ocrx_word' id='word_1_174' title='bbox 166 2196 205 2233; x_wconf 92' lang='lat' dir='ltr'>ert</span> <span class='ocrx_word' id='word_1_175' title='bbox 219 2201 278 2235; x_wconf 79' lang='lat' dir='ltr'>avus</span> <span class='ocrx_word' id='word_1_176' title='bbox 290 2200 297 2235; x_wconf 76' lang='lat' dir='ltr'>t</span> <span class='ocrx_word' id='word_1_177' title='bbox 310 2184 349 2235; x_wconf 88' lang='lat' dir='ltr'>hic</span> <span class='ocrx_word' id='word_1_178' title='bbox 364 2184 423 2235; x_wconf 89' lang='lat' dir='ltr'>scuti</span> <span class='ocrx_word' id='word_1_179' title='bbox 439 2184 533 2235; x_wconf 84' lang='lat' dir='ltr'>dulcior</span> <span class='ocrx_word' id='word_1_180' title='bbox 547 2186 602 2236; x_wconf 88' lang='lat' dir='ltr'>usus</span> <span class='ocrx_word' id='word_1_181' title='bbox 618 2197 680 2235; x_wconf 87' lang='lat' dir='ltr'>erat.</span> 
     </span>
    </p>

    <p class='ocr_par' dir='ltr' id='par_1_15' title="bbox 106 2256 881 2395">
     <span class='ocr_line' id='line_1_28' title="bbox 106 2256 796 2324; baseline 0 -16"><span class='ocrx_word' id='word_1_182' title='bbox 106 2256 169 2309; x_wconf 88' lang='lat' dir='ltr'>lnde</span> <span class='ocrx_word' id='word_1_183' title='bbox 184 2256 264 2317; x_wconf 85' lang='lat' dir='ltr'>diem,</span> <span class='ocrx_word' id='word_1_184' title='bbox 281 2273 335 2323; x_wconf 81' lang='lat' dir='ltr'>quae</span> <span class='ocrx_word' id='word_1_185' title='bbox 348 2258 445 2324; x_wconf 83' lang='lat' dir='ltr'>prima,</span> <span class='ocrx_word' id='word_1_186' title='bbox 462 2275 528 2309; x_wconf 88' lang='lat' dir='ltr'>meas</span> <span class='ocrx_word' id='word_1_187' title='bbox 543 2259 667 2308; x_wconf 85' lang='lat' dir='ltr'>celebrare</span> <span class='ocrx_word' id='word_1_188' title='bbox 680 2256 796 2309; x_wconf 83' lang='lat' dir='ltr'>kalendas</span> 
     </span>
     <span class='ocr_line' id='line_1_29' title="bbox 145 2329 881 2395; baseline 0.001 -17"><span class='ocrx_word' id='word_1_189' title='bbox 145 2329 267 2381; x_wconf 73' lang='lat' dir='ltr'>(Ebalides</span> <span class='ocrx_word' id='word_1_190' title='bbox 283 2341 371 2381; x_wconf 88' lang='lat' dir='ltr'>matres</span> <span class='ocrx_word' id='word_1_191' title='bbox 387 2347 436 2381; x_wconf 90' lang='lat' dir='ltr'>non</span> <span class='ocrx_word' id='word_1_192' title='bbox 453 2330 509 2381; x_wconf 87' lang='lat' dir='ltr'>leve</span> <span class='ocrx_word' id='word_1_193' title='bbox 526 2348 611 2381; x_wconf 87' lang='lat' dir='ltr'>munus</span> <span class='ocrx_word' id='word_1_194' title='bbox 626 2332 726 2381; x_wconf 87' lang='lat' dir='ltr'>habent.</span> <span class='ocrx_word' id='word_1_195' title='bbox 828 2342 881 2395; x_wconf 77' lang='lat'>230</span> 
     </span>
    </p>

    <p class='ocr_par' dir='ltr' id='par_1_16' title="bbox 106 2402 735 2545">
     <span class='ocr_line' id='line_1_30' title="bbox 106 2402 735 2469; baseline -0.003 -12"><span class='ocrx_word' id='word_1_196' title='bbox 106 2402 168 2459; x_wconf 76' lang='lat' dir='ltr'>An,</span> <span class='ocrx_word' id='word_1_197' title='bbox 188 2402 242 2469; x_wconf 91' lang='lat' dir='ltr'>quia</span> <span class='ocrx_word' id='word_1_198' title='bbox 257 2404 374 2455; x_wconf 88' lang='lat' dir='ltr'>committi</span> <span class='ocrx_word' id='word_1_199' title='bbox 389 2403 471 2455; x_wconf 69' lang='lat' dir='ltr'>stridis</span> <span class='ocrx_word' id='word_1_200' title='bbox 486 2405 639 2455; x_wconf 82' lang='lat' dir='ltr'>mucronibus</span> <span class='ocrx_word' id='word_1_201' title='bbox 654 2405 735 2465; x_wconf 73' lang='lat' dir='ltr'>ausae,</span> 
     </span>
     <span class='ocr_line' id='line_1_31' title="bbox 143 2476 661 2545; baseline 0.004 -18"><span class='ocrx_word' id='word_1_202' title='bbox 143 2476 266 2527; x_wconf 83' lang='lat' dir='ltr'>Finierant</span> <span class='ocrx_word' id='word_1_203' title='bbox 280 2478 391 2545; x_wconf 87' lang='lat' dir='ltr'>lacrymis</span> <span class='ocrx_word' id='word_1_204' title='bbox 406 2477 497 2528; x_wconf 81' lang='lat' dir='ltr'>Martia</span> <span class='ocrx_word' id='word_1_205' title='bbox 513 2479 576 2528; x_wconf 90' lang='lat' dir='ltr'>bella</span> <span class='ocrx_word' id='word_1_206' title='bbox 591 2477 661 2529; x_wconf 82' lang='lat' dir='ltr'>suis?</span> 
     </span>
    </p>

    <p class='ocr_par' dir='ltr' id='par_1_17' title="bbox 104 2549 751 2691">
     <span class='ocr_line' id='line_1_32' title="bbox 104 2549 699 2616; baseline 0.007 -17"><span class='ocrx_word' id='word_1_207' title='bbox 104 2549 156 2605; x_wconf 86' lang='lat' dir='ltr'>Vel</span> <span class='ocrx_word' id='word_1_208' title='bbox 173 2549 238 2616; x_wconf 92' lang='lat' dir='ltr'>quod</span> <span class='ocrx_word' id='word_1_209' title='bbox 253 2564 306 2601; x_wconf 86' lang='lat' dir='ltr'>erat</span> <span class='ocrx_word' id='word_1_210' title='bbox 320 2551 350 2603; x_wconf 90' lang='lat' dir='ltr'>de</span> <span class='ocrx_word' id='word_1_211' title='bbox 366 2567 404 2601; x_wconf 89' lang='lat' dir='ltr'>me</span> <span class='ocrx_word' id='word_1_212' title='bbox 422 2551 527 2601; x_wconf 79' lang='lat' dir='ltr'>feliciter</span> <span class='ocrx_word' id='word_1_213' title='bbox 544 2552 588 2602; x_wconf 89' lang='lat' dir='ltr'>llia</span> <span class='ocrx_word' id='word_1_214' title='bbox 604 2564 699 2611; x_wconf 76' lang='lat' dir='ltr'>mater,</span> 
     </span>
     <span class='ocr_line' id='line_1_33' title="bbox 142 2621 751 2691; baseline -0.002 -16"><span class='ocrx_word' id='word_1_215' title='bbox 142 2622 199 2675; x_wconf 76' lang='lat' dir='ltr'>Rite</span> <span class='ocrx_word' id='word_1_216' title='bbox 217 2625 301 2675; x_wconf 88' lang='lat' dir='ltr'>colunt</span> <span class='ocrx_word' id='word_1_217' title='bbox 317 2637 404 2675; x_wconf 83' lang='lat' dir='ltr'>matres</span> <span class='ocrx_word' id='word_1_218' title='bbox 422 2624 505 2683; x_wconf 83' lang='lat' dir='ltr'>sacra,</span> <span class='ocrx_word' id='word_1_219' title='bbox 523 2624 633 2691; x_wconf 90' lang='lat' dir='ltr'>diemque</span> <span class='ocrx_word' id='word_1_220' title='bbox 649 2621 751 2676; x_wconf 76' lang='lat' dir='ltr'>meum?</span> 
     </span>
    </p>

    <p class='ocr_par' dir='ltr' id='par_1_18' title="bbox 104 2694 875 2837">
     <span class='ocr_line' id='line_1_34' title="bbox 104 2694 875 2767; baseline 0 -22"><span class='ocrx_word' id='word_1_221' title='bbox 104 2694 174 2761; x_wconf 84' lang='lat' dir='ltr'>Quid</span> <span class='ocrx_word' id='word_1_222' title='bbox 183 2697 248 2762; x_wconf 90' lang='lat' dir='ltr'>quod</span> <span class='ocrx_word' id='word_1_223' title='bbox 257 2699 344 2755; x_wconf 86' lang='lat' dir='ltr'>hiems,</span> <span class='ocrx_word' id='word_1_224' title='bbox 350 2698 466 2764; x_wconf 87' lang='lat' dir='ltr'>adoperta</span> <span class='ocrx_word' id='word_1_225' title='bbox 476 2699 542 2765; x_wconf 81' lang='lat' dir='ltr'>gelu,</span> <span class='ocrx_word' id='word_1_226' title='bbox 550 2716 614 2749; x_wconf 86' lang='lat' dir='ltr'>nunc</span> <span class='ocrx_word' id='word_1_227' title='bbox 624 2700 727 2767; x_wconf 89' lang='lat' dir='ltr'>denique</span> <span class='ocrx_word' id='word_1_228' title='bbox 737 2697 800 2749; x_wconf 87' lang='lat' dir='ltr'>cedit</span> <span class='ocrx_word' id='word_1_229' title='bbox 803 2714 812 2755; x_wconf 68' lang='grc' dir='ltr'><strong>ς</strong></span> <span class='ocrx_word' id='word_1_230' title='bbox 826 2711 839 2745; x_wconf 88' lang='lat'>2</span> <span class='ocrx_word' id='word_1_231' title='bbox 844 2709 875 2761; x_wconf 86' lang='lat'>35</span> 
     </span>
     <span class='ocr_line' id='line_1_35' title="bbox 141 2765 779 2837; baseline 0.008 -18"><span class='ocrx_word' id='word_1_232' title='bbox 141 2769 173 2819; x_wconf 85' lang='lat' dir='ltr'>Et</span> <span class='ocrx_word' id='word_1_233' title='bbox 189 2784 293 2834; x_wconf 87' lang='lat' dir='ltr'>pereunt</span> <span class='ocrx_word' id='word_1_234' title='bbox 307 2771 395 2829; x_wconf 76' lang='lat' dir='ltr'>virle,</span> <span class='ocrx_word' id='word_1_235' title='bbox 411 2770 461 2822; x_wconf 86' lang='lat' dir='ltr'>sole</span> <span class='ocrx_word' id='word_1_236' title='bbox 479 2784 597 2837; x_wconf 85' lang='lat' dir='ltr'>tepente,</span> <span class='ocrx_word' id='word_1_237' title='bbox 613 2773 690 2823; x_wconf 83' lang='lat' dir='ltr'>nives.</span> <span class='ocrx_word' id='word_1_238' title='bbox 771 2765 779 2773; x_wconf 56' lang='lat'>⁵</span> 
     </span>
    </p>

    <p class='ocr_par' dir='ltr' id='par_1_19' title="bbox 101 2842 733 2988">
     <span class='ocr_line' id='line_1_36' title="bbox 101 2842 722 2913; baseline 0 -18"><span class='ocrx_word' id='word_1_239' title='bbox 101 2842 238 2895; x_wconf 74' lang='lat' dir='ltr'>Arboribus</span> <span class='ocrx_word' id='word_1_240' title='bbox 253 2844 357 2895; x_wconf 89' lang='lat' dir='ltr'>redeunt</span> <span class='ocrx_word' id='word_1_241' title='bbox 373 2844 479 2895; x_wconf 71' lang='lat' dir='ltr'>detonsa</span> <span class='ocrx_word' id='word_1_242' title='bbox 497 2846 586 2913; x_wconf 77' lang='lat' dir='ltr'>frigore</span> <span class='ocrx_word' id='word_1_243' title='bbox 603 2846 722 2905; x_wconf 86' lang='lat' dir='ltr'>frondes,</span> 
     </span>
     <span class='ocr_line' id='line_1_37' title="bbox 141 2916 733 2988; baseline 0 -19"><span class='ocrx_word' id='word_1_244' title='bbox 141 2916 279 2985; x_wconf 83' lang='lat' dir='ltr'>Vividaque</span> <span class='ocrx_word' id='word_1_245' title='bbox 295 2935 310 2970; x_wconf 87' lang='lat' dir='ltr'>e</span> <span class='ocrx_word' id='word_1_246' title='bbox 325 2931 413 2973; x_wconf 82' lang='lat' dir='ltr'>teneto</span> <span class='ocrx_word' id='word_1_247' title='bbox 425 2919 523 2986; x_wconf 81' lang='lat' dir='ltr'>palmite</span> <span class='ocrx_word' id='word_1_248' title='bbox 539 2936 631 2988; x_wconf 80' lang='lat' dir='ltr'>gemma</span> <span class='ocrx_word' id='word_1_249' title='bbox 646 2932 733 2971; x_wconf 88' lang='lat' dir='ltr'>tumet.</span> 
     </span>
    </p>
   </div>
   <div class='ocr_carea' id='block_1_3' title="bbox 0 0 992 3700">
    <p class='ocr_par' dir='ltr' id='par_1_20' title="bbox 0 0 992 3700">
     <span class='ocr_line' id='line_1_38' title="bbox 0 0 992 3700; baseline 0 1"><span class='ocrx_word' id='word_1_250' title='bbox 0 0 992 3700; x_wconf 95' lang='lat' dir='ltr'> </span> 
     </span>
    </p>
   </div>
  </div>
 </body>
</html>
