1975 3700
255 824 745 913 OVIDII
834 819 1462 907 NASONIS

382 980 1324 1062 EPISTOLARUM

130 1113 1574 1285 EXPONTO

387 1341 414 1364 *
495 1366 989 1436 LIBER
1083 1364 1235 1435 II.

396 1515 1172 1589 EPISTOLA
1272 1522 1325 1587 1.

262 1681 943 1743 GERMANICO
1029 1677 1485 1742 CAESARI.

143 1802 289 1920 H
307 1882 397 1920 vc
430 1886 623 1936 quoque
657 1869 866 1920 Caesatei
898 1869 1122 1937 pervenit
1154 1868 1277 1919 fama
1306 1863 1532 1932 triumphi
1559 1896 1577 1922 .

212 1941 459 2010 Languida
489 1941 585 2008 qu&
615 1943 733 1994 fessi
760 1947 843 1994 vix
871 1945 1008 1993 venit
1039 1959 1153 1993 aura
1183 1940 1323 1991 Noti.

138 2013 223 2064 Nil
254 2014 366 2065 fore
394 2016 534 2065 dulce
560 2016 677 2066 mihi
705 2015 937 2085 Scythica
968 2016 1170 2083 regione
1205 2013 1372 2080 putavi
1395 2027 1413 2064 ε

214 2086 320 2138 Jam
348 2089 500 2138 minus
531 2087 608 2138 hic
642 2090 757 2139 odio
792 2088 895 2148 est,
930 2092 1071 2156 quam
1106 2088 1200 2139 fuit
1233 2099 1345 2138 ante
1368 2119 1385 2146 ‚
1415 2086 1572 2137 locus.

141 2158 365 2212 Tandem
395 2161 612 2228 aliquid,
646 2161 785 2229 pulsa
816 2178 1037 2212 curarum
1067 2162 1234 2220 nube,
1268 2162 1485 2211 serenum
1584 2172 1617 2224 ς4

212 2233 373 2291 Vidi;
410 2235 636 2285 Fortunae
662 2237 810 2286 verba
842 2236 1050 2303 dedique
1076 2251 1216 2285 meae.

139 2306 283 2356 Nolit
312 2320 365 2356 ut
394 2309 491 2359 ulla
522 2309 637 2359 mihi
669 2308 954 2394 eontingere
986 2308 1156 2376 gaudia
1187 2307 1348 2358 Caesar
1370 2337 1387 2365 ‚

215 2381 363 2431 Velle
389 2380 548 2445 potest
581 2382 731 2432 cuivis
766 2384 870 2432 haec
898 2394 1060 2432 tamen
1094 2398 1188 2432 una
1223 2379 1344 2432 dari.

140 2451 211 2504 Di
243 2469 436 2519 quoque
458 2487 474 2512 ‚
516 2467 572 2505 ut
602 2474 630 2506 a
663 2455 843 2506 cunffls
876 2455 1012 2505 hilari
1046 2455 1230 2522 pietate
1266 2453 1488 2503 colantur
1512 2483 1528 2509 ‚

215 2525 471 2576 Tristitiam
505 2527 622 2593 poni
648 2546 737 2595 pet
768 2528 847 2579 sua
876 2527 992 2578 festa
1021 2526 1212 2593 jubent.
1587 2537 1652 2572 10

141 2597 374 2665 Denique
398 2633 413 2656 ,
458 2602 591 2666 quod
624 2614 784 2652 cettus
814 2601 949 2652 furor
980 2601 1047 2650 est
1077 2601 1257 2651 audete
1287 2597 1430 2650 fateri
1453 2630 1470 2659 ,

220 2671 327 2721 Hac
358 2689 453 2740 ego
487 2672 655 2726 laetitia
676 2709 691 2733 ,
727 2676 769 2724 si
802 2685 942 2724 vetet
972 2674 1071 2740 ipse
1094 2707 1109 2731 ,
1146 2674 1294 2723 fruar.

142 2744 175 2798 J
182 2745 371 2809 uppiter
401 2746 595 2798 utilibus
628 2747 821 2814 quoties
854 2744 991 2811 juvat
1025 2747 1255 2797 imbribus
1288 2761 1430 2814 agros
1454 2777 1472 2806 ,

219 2817 374 2868 Mixta
406 2831 555 2871 tenax
585 2820 738 2886 segeti
770 2821 988 2872 crescere
1026 2822 1167 2886 lappa
1201 2819 1343 2869 solet.

142 2891 251 2947 Nos
282 2908 477 2957 quoque
506 2894 791 2960 frugiferum
826 2894 1051 2944 sentimus
1086 2893 1263 2944 inutilis
1296 2894 1445 2942 herba
1587 2903 1648 2954 15

215 2965 447 3026 Numen3
487 2966 538 3020 &
566 2966 719 3022 invita
749 2966 872 3036 saepe
902 2965 1123 3036 juvamur
1157 2983 1271 3035 ope.
1509 3014 1514 3018 .

1347 3039 1394 3091 N
1422 3034 1476 3109 iij
