1975 3700
80 279 84 286 “
143 268 286 348 amr.
310 291 379 345 ax
403 274 549 346 Povro
575 275 614 346 L.
640 276 696 344 II.
723 295 801 370 297

80 395 158 447 Nunc
176 394 219 446 tibi
236 397 262 447 dt
278 396 370 463 eloquii
385 395 452 445 nitor
467 395 510 446 ille
525 392 669 444 domesticus
684 393 767 453 adsit,

124 469 185 532 Quo
200 482 297 536 poteras
310 469 410 535 trepidis
426 468 491 519 utilis
507 465 554 518 effe
569 467 627 517 teis.

83 541 161 594 Vivit
178 543 242 592 enim
258 543 283 592 in
298 544 368 592 vobis
384 541 479 592 facundi
494 542 575 607 lingua
591 539 718 607 parentis;

123 615 157 664 Et
171 632 212 665 res
223 616 343 666 heredem
357 615 448 681 reperit
461 616 502 665 illa
518 614 593 664 suum.

83 686 160 740 Hanc
178 705 226 756 ego
239 705 306 748 non,
325 701 353 738 ut
367 705 405 738 me
420 687 553 738 defendere
566 698 668 748 tentet,
683 685 781 738 adoret
812 701 843 750 55

124 763 184 812 Non
200 761 234 811 est
250 762 357 812 confessi
373 761 442 812 eausa
457 761 547 811 tuenda
563 761 608 810 rei.

84 835 154 886 Num
171 847 251 886 tamen
267 834 368 886 excuses
382 835 471 885 erroris
486 833 590 902 imagine
606 831 716 892 fastum,

125 907 166 957 An
183 909 242 958 nihil
258 909 370 975 expediat
384 909 433 958 tale
450 923 569 965 movere,
587 906 653 956 vide.

83 981 207 1034 vulneris
218 982 242 1031 id
256 981 395 1049 gemiscit,
412 981 478 1048 quod
490 977 545 1029 ciam
557 979 662 1030 sanabile
673 995 724 1030 non
738 977 771 1030 sit
783 1011 792 1037 ‚
834 1012 837 1019 »

126 1056 186 1104 Non
202 1055 345 1106 conneuari
361 1054 437 1104 tutius
454 1053 502 1104 eise
517 1064 610 1119 putem.
810 1050 846 1104 60

86 1127 205 1194 Lingua,
222 1129 268 1178 sile
281 1144 289 1178 π
300 1144 351 1178 non
366 1126 400 1176 est
416 1129 479 1176 ultra
492 1127 611 1176 narrabile
627 1125 765 1192 quidquam.

127 1199 197 1250 Poffe
214 1201 286 1250 velim
302 1202 397 1252 eineres
414 1201 519 1252 obruere
534 1199 584 1265 ipse
601 1215 680 1249 meos.

86 1273 130 1324 sic
147 1274 239 1341 igitur,
256 1275 324 1341 quasi
340 1289 378 1324 me
392 1274 471 1324 nulius
489 1271 614 1338 deceperit
630 1288 699 1323 error
709 1270 728 1330 ,1

126 1348 212 1396 Verba
228 1348 303 1405 face,
320 1359 347 1397 ut
362 1346 433 1406 viti,
449 1363 520 1412 quam
535 1345 602 1395 dedit
616 1345 685 1410 ipse,
701 1345 776 1396 fruar.

87 1420 203 1486 Cumque
218 1420 314 1471 serenus
330 1420 392 1478 erit,
406 1421 537 1487 vultusque
553 1418 671 1469 remiserit
686 1419 761 1476 illos,
784 1450 788 1457 x
811 1415 844 1479 65

129 1493 181 1556 Qui
198 1494 276 1544 secum
290 1505 367 1544 terras
383 1494 557 1558 imperiumque
572 1505 692 1550 movent3
710 1501 713 1506 '

90 1567 212 1633 Exiguam
227 1584 257 1618 ne
274 1583 313 1634 me
330 1567 434 1632 praedam
450 1567 512 1620 sinat
527 1563 574 1616 eise
591 1563 729 1623 Getarum,

127 1641 229 1706 Detque
247 1640 321 1690 solnm
336 1639 426 1690 misere
440 1639 499 1690 mite
512 1671 520 1697 ‚
538 1654 659 1704 precare,
677 1638 749 1704 iuge.

90 1713 202 1778 Tempus
217 1713 281 1763 a'dest
295 1725 376 1780 aptum
388 1713 501 1779 precibus
513 1729 521 1764 ε
533 1712 599 1762 valet
612 1711 681 1776 ipse,
697 1712 812 1778 videtque

131 1784 200 1849 Quas
216 1786 276 1836 fecit
288 1788 372 1844 vites,
389 1785 484 1844 Roma,
502 1786 585 1835 valere
602 1797 667 1834 tuas.
813 1797 849 1845 70

91 1860 224 1913 incolumis
242 1859 330 1924 conjux
348 1860 387 1909 sua
402 1858 535 1925 pulvinaria
551 1858 651 1909 servat:

131 1932 266 1984 Promovet
278 1932 410 1983 Ausonium
426 1931 489 1983 filius
506 1931 642 1998 imperium.

93 2005 207 2057 Praeterit
221 2007 270 2072 ipse
288 2006 342 2057 suos
358 2006 436 2057 animo
453 2004 614 2057 Germanicus
627 2019 724 2064 annos,

133 2081 188 2129 Nee
205 2078 322 2147 vigorest
338 2079 414 2131 Drusi
430 2079 558 2131 nobilitate
574 2079 661 2129 minor.

88 2152 167 2203 'Adde
179 2169 274 2212 nurus,
290 2164 426 2219 neptesque
441 2154 511 2219 pias,
528 2165 646 2217 natosque
661 2161 797 2216 nepotum,
817 2161 850 2212 75

133 2225 274 2293 Ceteraque
290 2224 402 2292 Auguste
419 2228 526 2275 membra
541 2226 624 2274 valere
638 2223 744 2273 domus:
819 2229 821 2231 ’

97 2298 169 2351 Adde
185 2300 345 2363 triumphatos
362 2297 435 2349 modd
453 2297 575 2356 Paeonas,
589 2295 650 2348 adde
669 2295 747 2361 quieti
808 2310 816 2353 ζ

135 2372 235 2421 Subdita
251 2384 372 2425 montanae
388 2370 484 2426 brachia
495 2370 638 2421 Dalmatiae.

97 2446 153 2495 Nec
170 2445 299 2512 dedignata
314 2443 365 2501 est,
382 2444 500 2509 abjeflis,
517 2444 616 2512 Illyris,
631 2442 723 2502 armis,

135 2517 271 2572 Caesareum
288 2517 379 2567 famulo
395 2518 488 2570 vertice
506 2517 571 2572 ferre
587 2516 685 2583 pedem.
822 2512 858 2566 80

80 2592 153 2658 *ipse
171 2591 242 2657 super
259 2607 373 2648 currum,
391 2590 487 2657 placido
505 2590 636 2657 spetiabilis
653 2605 717 2649 ote,
745 2643 748 2647 Δ

135 2665 261 2730 Tempora
276 2662 388 2714 Phoebea
396 2664 490 2731 virgine
507 2681 569 2715 nexa
583 2663 648 2713 tulit.
665 2715 667 2722 ,

97 2736 183 2801 Quem
201 2737 240 2803 pia
255 2735 383 2787 vobiscum
398 2739 480 2801 proles
497 2738 624 2790 comitavit
639 2747 757 2795 euntem,

135 2810 221 2876 Digna
237 2822 338 2876 parente
355 2808 419 2866 suo,
437 2811 621 2875 nominibusque
635 2810 705 2867 datis.

98 2884 225 2941 fratribus
236 2882 346 2936 assimilis
357 2915 365 2941 ,
383 2898 447 2949 quos
454 2886 562 2949 proxima
573 2885 663 2947 templa
673 2893 807 2941 tenentes,
827 2881 841 2933 8
847 2895 859 2945 5

135 2956 221 3009 Divus
240 2958 269 3007 ab
286 2955 381 3015 excelsa
394 2955 473 3015 Julius
490 2957 547 3018 ede
559 2956 646 3015 videt..
683 3010 688 3017 ,
721 3006 775 3080 N,

758 3046 773 3079 v
