<?xml version="1.0" encoding="UTF-8"?>
<!DOCTYPE html PUBLIC "-//W3C//DTD XHTML 1.0 Transitional//EN"
    "http://www.w3.org/TR/xhtml1/DTD/xhtml1-transitional.dtd">
<html xmlns="http://www.w3.org/1999/xhtml" xml:lang="en" lang="en">
 <head>
  <title>
</title>
<meta http-equiv="Content-Type" content="text/html;charset=utf-8" />
  <meta name='ocr-system' content='tesseract 3.04.00' />
  <meta name='ocr-capabilities' content='ocr_page ocr_carea ocr_par ocr_line ocrx_word'/>
</head>
<body>
  <div class='ocr_page' id='page_1' title='image "./povidiinasoniso00unkngoog_0279.png"; bbox 0 0 1975 3700; ppageno 0'>
   <div class='ocr_carea' id='block_1_1' title="bbox 207 233 844 316">
    <p class='ocr_par' dir='ltr' id='par_1_1' title="bbox 207 233 844 316">
     <span class='ocr_line' id='line_1_1' title="bbox 207 233 844 316; baseline -0.005 -8"><span class='ocrx_word' id='word_1_1' title='bbox 207 237 282 310; x_wconf 89' lang='lat'>282</span> <span class='ocrx_word' id='word_1_2' title='bbox 316 243 358 306; x_wconf 81' lang='lat' dir='ltr'>P.</span> <span class='ocrx_word' id='word_1_3' title='bbox 383 235 580 307; x_wconf 74' lang='lat' dir='ltr'>Orrnrt</span> <span class='ocrx_word' id='word_1_4' title='bbox 602 233 844 316; x_wconf 65' lang='lat' dir='ltr'>Nasonis,</span> 
     </span>
    </p>
   </div>
   <div class='ocr_carea' id='block_1_2' title="bbox 86 351 931 2989">
    <p class='ocr_par' dir='ltr' id='par_1_2' title="bbox 86 351 931 2989">
     <span class='ocr_line' id='line_1_2' title="bbox 205 351 812 424; baseline -0.007 -16"><span class='ocrx_word' id='word_1_5' title='bbox 205 357 246 408; x_wconf 79' lang='lat' dir='ltr'>An</span> <span class='ocrx_word' id='word_1_6' title='bbox 262 358 366 424; x_wconf 84' lang='lat' dir='ltr'>populus</span> <span class='ocrx_word' id='word_1_7' title='bbox 382 355 442 406; x_wconf 65' lang='lat' dir='ltr'>veri</span> <span class='ocrx_word' id='word_1_8' title='bbox 459 355 527 406; x_wconf 85' lang='lat' dir='ltr'>sanos</span> <span class='ocrx_word' id='word_1_9' title='bbox 544 366 619 423; x_wconf 79' lang='lat' dir='ltr'>negat</span> <span class='ocrx_word' id='word_1_10' title='bbox 634 352 682 404; x_wconf 85' lang='lat' dir='ltr'>effe</span> <span class='ocrx_word' id='word_1_11' title='bbox 696 351 812 420; x_wconf 69' lang='lat' dir='ltr'>poetas?</span> 
     </span>
     <span class='ocr_line' id='line_1_3' title="bbox 243 425 808 498; baseline -0.007 -18"><span class='ocrx_word' id='word_1_12' title='bbox 243 431 348 498; x_wconf 82' lang='lat' dir='ltr'><strong>Sumque</strong></span> <span class='ocrx_word' id='word_1_13' title='bbox 364 429 424 481; x_wconf 80' lang='lat' dir='ltr'>fides</span> <span class='ocrx_word' id='word_1_14' title='bbox 439 428 512 495; x_wconf 85' lang='lat' dir='ltr'>hujus</span> <span class='ocrx_word' id='word_1_15' title='bbox 526 430 629 478; x_wconf 81' lang='lat' dir='ltr'>maxima</span> <span class='ocrx_word' id='word_1_16' title='bbox 646 428 715 478; x_wconf 85' lang='lat' dir='ltr'>vocis</span> <span class='ocrx_word' id='word_1_17' title='bbox 731 425 808 494; x_wconf 73' lang='lat' dir='ltr'>ego?</span> 
     </span>
     <span class='ocr_line' id='line_1_4' title="bbox 177 500 858 570; baseline -0.003 -16"><span class='ocrx_word' id='word_1_18' title='bbox 177 543 194 554; x_wconf 46' lang='lat'><em>2</em></span> <span class='ocrx_word' id='word_1_19' title='bbox 206 503 275 570; x_wconf 82' lang='lat' dir='ltr'>Qui,</span> <span class='ocrx_word' id='word_1_20' title='bbox 293 503 365 556; x_wconf 81' lang='lat' dir='ltr'>llerili</span> <span class='ocrx_word' id='word_1_21' title='bbox 378 504 454 554; x_wconf 86' lang='lat' dir='ltr'>toties</span> <span class='ocrx_word' id='word_1_22' title='bbox 467 500 522 552; x_wconf 81' lang='lat' dir='ltr'>crim</span> <span class='ocrx_word' id='word_1_23' title='bbox 535 501 581 552; x_wconf 86' lang='lat' dir='ltr'>sim</span> <span class='ocrx_word' id='word_1_24' title='bbox 597 501 717 567; x_wconf 78' lang='lat' dir='ltr'>deceptus</span> <span class='ocrx_word' id='word_1_25' title='bbox 730 502 761 561; x_wconf 67' lang='lat' dir='ltr'>ab</span> <span class='ocrx_word' id='word_1_26' title='bbox 777 516 858 560; x_wconf 78' lang='lat' dir='ltr'>arvo,</span> 
     </span>
     <span class='ocr_line' id='line_1_5' title="bbox 242 572 781 644; baseline -0.004 -18"><span class='ocrx_word' id='word_1_27' title='bbox 242 575 368 628; x_wconf 67' lang='lat' dir='ltr'>Damnosi</span> <span class='ocrx_word' id='word_1_28' title='bbox 382 576 462 644; x_wconf 83' lang='lat' dir='ltr'>persto</span> <span class='ocrx_word' id='word_1_29' title='bbox 477 575 585 626; x_wconf 87' lang='lat' dir='ltr'>condere</span> <span class='ocrx_word' id='word_1_30' title='bbox 599 574 681 624; x_wconf 85' lang='lat' dir='ltr'>semen</span> <span class='ocrx_word' id='word_1_31' title='bbox 695 572 781 624; x_wconf 84' lang='lat' dir='ltr'>humo.</span> 
     </span>
     <span class='ocr_line' id='line_1_6' title="bbox 165 646 868 716; baseline -0.011 -13"><span class='ocrx_word' id='word_1_32' title='bbox 165 663 194 714; x_wconf 80' lang='lat'>35</span> <span class='ocrx_word' id='word_1_33' title='bbox 209 650 309 702; x_wconf 79' lang='lat' dir='ltr'><strong>Scilicet</strong></span> <span class='ocrx_word' id='word_1_34' title='bbox 324 650 358 700; x_wconf 82' lang='lat' dir='ltr'>est</span> <span class='ocrx_word' id='word_1_35' title='bbox 374 649 475 716; x_wconf 83' lang='lat' dir='ltr'>cupidus</span> <span class='ocrx_word' id='word_1_36' title='bbox 489 647 621 698; x_wconf 73' lang='lat' dir='ltr'>studiorum</span> <span class='ocrx_word' id='word_1_37' title='bbox 637 646 738 712; x_wconf 83' lang='lat' dir='ltr'>quisque</span> <span class='ocrx_word' id='word_1_38' title='bbox 752 646 868 707; x_wconf 81' lang='lat' dir='ltr'>suornm,</span> 
     </span>
     <span class='ocr_line' id='line_1_7' title="bbox 242 717 808 788; baseline -0.005 -15"><span class='ocrx_word' id='word_1_39' title='bbox 242 723 351 788; x_wconf 83' lang='lat' dir='ltr'>Tempus</span> <span class='ocrx_word' id='word_1_40' title='bbox 367 723 393 774; x_wconf 77' lang='lat' dir='ltr'>dt</span> <span class='ocrx_word' id='word_1_41' title='bbox 408 721 498 772; x_wconf 75' lang='lat' dir='ltr'>affueti</span> <span class='ocrx_word' id='word_1_42' title='bbox 513 736 606 787; x_wconf 84' lang='lat' dir='ltr'>ponere</span> <span class='ocrx_word' id='word_1_43' title='bbox 619 718 645 769; x_wconf 86' lang='lat' dir='ltr'>in</span> <span class='ocrx_word' id='word_1_44' title='bbox 659 731 713 769; x_wconf 85' lang='lat' dir='ltr'>arte</span> <span class='ocrx_word' id='word_1_45' title='bbox 728 717 808 785; x_wconf 77' lang='lat' dir='ltr'>juvat.</span> 
     </span>
     <span class='ocr_line' id='line_1_8' title="bbox 207 791 821 863; baseline -0.003 -16"><span class='ocrx_word' id='word_1_46' title='bbox 207 795 308 848; x_wconf 80' lang='lat' dir='ltr'>Saucius</span> <span class='ocrx_word' id='word_1_47' title='bbox 322 794 402 862; x_wconf 82' lang='lat' dir='ltr'>ejurat</span> <span class='ocrx_word' id='word_1_48' title='bbox 415 809 521 863; x_wconf 74' lang='lat' dir='ltr'>pugnant</span> <span class='ocrx_word' id='word_1_49' title='bbox 536 793 676 861; x_wconf 49' lang='lat' dir='ltr'>gladiorum</span> <span class='ocrx_word' id='word_1_50' title='bbox 694 793 722 845; x_wconf 75' lang='lat' dir='ltr'>dt</span> <span class='ocrx_word' id='word_1_51' title='bbox 733 791 821 853; x_wconf 68' lang='lat' dir='ltr'>idem,</span> 
     </span>
     <span class='ocr_line' id='line_1_9' title="bbox 242 866 789 935; baseline -0.005 -16"><span class='ocrx_word' id='word_1_52' title='bbox 242 870 370 920; x_wconf 77' lang='lat' dir='ltr'>Immemor</span> <span class='ocrx_word' id='word_1_53' title='bbox 386 867 479 935; x_wconf 77' lang='lat' dir='ltr'>antiqui</span> <span class='ocrx_word' id='word_1_54' title='bbox 491 867 618 926; x_wconf 84' lang='lat' dir='ltr'>vulneris,</span> <span class='ocrx_word' id='word_1_55' title='bbox 635 882 700 915; x_wconf 84' lang='lat' dir='ltr'>arma</span> <span class='ocrx_word' id='word_1_56' title='bbox 715 866 789 932; x_wconf 78' lang='lat' dir='ltr'>capit.</span> 
     </span>
     <span class='ocr_line' id='line_1_10' title="bbox 207 937 866 1009; baseline -0.005 -16"><span class='ocrx_word' id='word_1_57' title='bbox 207 943 249 994; x_wconf 84' lang='lat' dir='ltr'>Nil</span> <span class='ocrx_word' id='word_1_58' title='bbox 262 943 310 994; x_wconf 84' lang='lat' dir='ltr'>sibi</span> <span class='ocrx_word' id='word_1_59' title='bbox 324 959 379 994; x_wconf 83' lang='lat' dir='ltr'>cum</span> <span class='ocrx_word' id='word_1_60' title='bbox 392 941 473 1009; x_wconf 80' lang='lat' dir='ltr'>pelagi</span> <span class='ocrx_word' id='word_1_61' title='bbox 486 940 547 992; x_wconf 86' lang='lat' dir='ltr'>dicit</span> <span class='ocrx_word' id='word_1_62' title='bbox 559 940 614 990; x_wconf 80' lang='lat' dir='ltr'>lore</span> <span class='ocrx_word' id='word_1_63' title='bbox 629 939 759 1006; x_wconf 72' lang='lat' dir='ltr'>naufragus</span> <span class='ocrx_word' id='word_1_64' title='bbox 773 937 866 999; x_wconf 62' lang='lat' dir='ltr'>nudior</span> 
     </span>
     <span class='ocr_line' id='line_1_11' title="bbox 163 1012 847 1079; baseline -0.01 -11"><span class='ocrx_word' id='word_1_65' title='bbox 163 1031 198 1078; x_wconf 82' lang='lat'>40</span> <span class='ocrx_word' id='word_1_66' title='bbox 245 1015 309 1067; x_wconf 83' lang='lat' dir='ltr'>Mox</span> <span class='ocrx_word' id='word_1_67' title='bbox 323 1015 390 1066; x_wconf 92' lang='lat' dir='ltr'>ducit</span> <span class='ocrx_word' id='word_1_68' title='bbox 406 1031 486 1068; x_wconf 85' lang='lat' dir='ltr'>remos</span> <span class='ocrx_word' id='word_1_69' title='bbox 499 1047 508 1073; x_wconf 82' lang='lat'>‚</span> <span class='ocrx_word' id='word_1_70' title='bbox 520 1013 569 1079; x_wconf 68' lang='lat' dir='ltr'>uri</span> <span class='ocrx_word' id='word_1_71' title='bbox 581 1013 656 1063; x_wconf 83' lang='lat' dir='ltr'>modo</span> <span class='ocrx_word' id='word_1_72' title='bbox 669 1015 757 1072; x_wconf 78' lang='lat' dir='ltr'>navit,</span> <span class='ocrx_word' id='word_1_73' title='bbox 772 1012 847 1078; x_wconf 61' lang='lat' dir='ltr'>aque.</span> 
     </span>
     <span class='ocr_line' id='line_1_12' title="bbox 206 1086 831 1158; baseline -0.01 -18"><span class='ocrx_word' id='word_1_74' title='bbox 206 1089 247 1140; x_wconf 87' lang='lat' dir='ltr'>Sic</span> <span class='ocrx_word' id='word_1_75' title='bbox 263 1104 311 1158; x_wconf 81' lang='lat' dir='ltr'>ego</span> <span class='ocrx_word' id='word_1_76' title='bbox 326 1087 462 1140; x_wconf 84' lang='lat' dir='ltr'>conllanter</span> <span class='ocrx_word' id='word_1_77' title='bbox 478 1086 579 1140; x_wconf 80' lang='lat' dir='ltr'>studium</span> <span class='ocrx_word' id='word_1_78' title='bbox 591 1103 642 1136; x_wconf 91' lang='lat' dir='ltr'>non</span> <span class='ocrx_word' id='word_1_79' title='bbox 656 1087 717 1136; x_wconf 87' lang='lat' dir='ltr'>utile</span> <span class='ocrx_word' id='word_1_80' title='bbox 731 1102 831 1152; x_wconf 62' lang='lat' dir='ltr'>carm</span> 
     </span>
     <span class='ocr_line' id='line_1_13' title="bbox 243 1158 805 1230; baseline -0.002 -18"><span class='ocrx_word' id='word_1_81' title='bbox 243 1162 275 1212; x_wconf 87' lang='lat' dir='ltr'>Et</span> <span class='ocrx_word' id='word_1_82' title='bbox 288 1174 394 1230; x_wconf 82' lang='lat' dir='ltr'>repeto,</span> <span class='ocrx_word' id='word_1_83' title='bbox 411 1162 504 1212; x_wconf 90' lang='lat' dir='ltr'>nollem</span> <span class='ocrx_word' id='word_1_84' title='bbox 518 1176 577 1227; x_wconf 79' lang='lat' dir='ltr'>quas</span> <span class='ocrx_word' id='word_1_85' title='bbox 594 1158 712 1218; x_wconf 70' lang='lat' dir='ltr'>coluiffe,</span> <span class='ocrx_word' id='word_1_86' title='bbox 725 1159 805 1211; x_wconf 78' lang='lat' dir='ltr'>Deae.</span> 
     </span>
     <span class='ocr_line' id='line_1_14' title="bbox 209 1230 899 1302; baseline -0.006 -17"><span class='ocrx_word' id='word_1_87' title='bbox 209 1233 276 1300; x_wconf 82' lang='lat' dir='ltr'>Quid</span> <span class='ocrx_word' id='word_1_88' title='bbox 290 1237 372 1302; x_wconf 88' lang='lat' dir='ltr'>potius</span> <span class='ocrx_word' id='word_1_89' title='bbox 384 1232 492 1286; x_wconf 75' lang='lat' dir='ltr'>faciam?</span> <span class='ocrx_word' id='word_1_90' title='bbox 507 1249 559 1284; x_wconf 87' lang='lat' dir='ltr'>non</span> <span class='ocrx_word' id='word_1_91' title='bbox 573 1234 641 1293; x_wconf 84' lang='lat' dir='ltr'>sum,</span> <span class='ocrx_word' id='word_1_92' title='bbox 657 1232 698 1299; x_wconf 87' lang='lat' dir='ltr'>qui</span> <span class='ocrx_word' id='word_1_93' title='bbox 712 1232 793 1299; x_wconf 81' lang='lat' dir='ltr'>segnia</span> <span class='ocrx_word' id='word_1_94' title='bbox 807 1230 899 1282; x_wconf 75' lang='lat' dir='ltr'>ducam</span> 
     </span>
     <span class='ocr_line' id='line_1_15' title="bbox 244 1306 810 1374; baseline 0 -16"><span class='ocrx_word' id='word_1_95' title='bbox 244 1307 303 1358; x_wconf 90' lang='lat' dir='ltr'>Otia</span> <span class='ocrx_word' id='word_1_96' title='bbox 316 1325 400 1358; x_wconf 87' lang='lat' dir='ltr'>:mors</span> <span class='ocrx_word' id='word_1_97' title='bbox 415 1308 485 1358; x_wconf 82' lang='lat' dir='ltr'>nobis</span> <span class='ocrx_word' id='word_1_98' title='bbox 502 1319 598 1374; x_wconf 76' lang='lat' dir='ltr'>ternpus</span> <span class='ocrx_word' id='word_1_99' title='bbox 612 1306 717 1356; x_wconf 79' lang='lat' dir='ltr'>habetur</span> <span class='ocrx_word' id='word_1_100' title='bbox 732 1308 810 1358; x_wconf 88' lang='lat' dir='ltr'>iners.</span> 
     </span>
     <span class='ocr_line' id='line_1_16' title="bbox 164 1378 931 1446; baseline -0.003 -15"><span class='ocrx_word' id='word_1_101' title='bbox 164 1395 196 1444; x_wconf 82' lang='lat'>45</span> <span class='ocrx_word' id='word_1_102' title='bbox 210 1381 265 1432; x_wconf 90' lang='lat' dir='ltr'>Nec</span> <span class='ocrx_word' id='word_1_103' title='bbox 280 1378 349 1446; x_wconf 83' lang='lat' dir='ltr'>juvat</span> <span class='ocrx_word' id='word_1_104' title='bbox 364 1381 388 1430; x_wconf 90' lang='lat' dir='ltr'>in</span> <span class='ocrx_word' id='word_1_105' title='bbox 404 1382 484 1432; x_wconf 84' lang='lat' dir='ltr'>lucem</span> <span class='ocrx_word' id='word_1_106' title='bbox 500 1381 575 1445; x_wconf 81' lang='lat' dir='ltr'>nimio</span> <span class='ocrx_word' id='word_1_107' title='bbox 591 1379 740 1430; x_wconf 74' lang='lat' dir='ltr'>marcescere</span> <span class='ocrx_word' id='word_1_108' title='bbox 755 1378 837 1434; x_wconf 64' lang='lat' dir='ltr'>vinos</span> <span class='ocrx_word' id='word_1_109' title='bbox 924 1429 931 1434; x_wconf 83' lang='grc'><strong>,</strong></span> 
     </span>
     <span class='ocr_line' id='line_1_17' title="bbox 244 1450 781 1507; baseline -0.002 -3"><span class='ocrx_word' id='word_1_110' title='bbox 244 1455 298 1504; x_wconf 87' lang='lat' dir='ltr'>Nec</span> <span class='ocrx_word' id='word_1_111' title='bbox 311 1465 381 1504; x_wconf 85' lang='lat' dir='ltr'>tenet</span> <span class='ocrx_word' id='word_1_112' title='bbox 395 1453 504 1506; x_wconf 81' lang='lat' dir='ltr'>incertas</span> <span class='ocrx_word' id='word_1_113' title='bbox 517 1455 571 1504; x_wconf 82' lang='lat' dir='ltr'>alea</span> <span class='ocrx_word' id='word_1_114' title='bbox 584 1452 670 1502; x_wconf 77' lang='lat' dir='ltr'>blanda</span> <span class='ocrx_word' id='word_1_115' title='bbox 683 1450 781 1507; x_wconf 68' lang='lat' dir='ltr'>marsus.</span> 
     </span>
     <span class='ocr_line' id='line_1_18' title="bbox 208 1525 929 1594; baseline -0.007 -16"><span class='ocrx_word' id='word_1_116' title='bbox 208 1525 269 1578; x_wconf 81' lang='lat' dir='ltr'>Cirm</span> <span class='ocrx_word' id='word_1_117' title='bbox 283 1527 391 1583; x_wconf 78' lang='lat' dir='ltr'>dedimus</span> <span class='ocrx_word' id='word_1_118' title='bbox 402 1527 506 1587; x_wconf 79' lang='lat' dir='ltr'>somno,</span> <span class='ocrx_word' id='word_1_119' title='bbox 522 1542 583 1594; x_wconf 82' lang='lat' dir='ltr'>quas</span> <span class='ocrx_word' id='word_1_120' title='bbox 596 1541 684 1592; x_wconf 80' lang='lat' dir='ltr'>corpus</span> <span class='ocrx_word' id='word_1_121' title='bbox 694 1525 819 1593; x_wconf 72' lang='lat' dir='ltr'>postulat,</span> <span class='ocrx_word' id='word_1_122' title='bbox 835 1525 929 1582; x_wconf 58' lang='lat' dir='ltr'>dom,</span> 
     </span>
     <span class='ocr_line' id='line_1_19' title="bbox 245 1596 894 1670; baseline 0.002 -19"><span class='ocrx_word' id='word_1_123' title='bbox 245 1601 305 1666; x_wconf 82' lang='lat' dir='ltr'>Quo</span> <span class='ocrx_word' id='word_1_124' title='bbox 319 1617 408 1668; x_wconf 80' lang='lat' dir='ltr'>ponam</span> <span class='ocrx_word' id='word_1_125' title='bbox 422 1601 524 1670; x_wconf 81' lang='lat' dir='ltr'>vigilans</span> <span class='ocrx_word' id='word_1_126' title='bbox 540 1611 651 1666; x_wconf 81' lang='lat' dir='ltr'>tempora</span> <span class='ocrx_word' id='word_1_127' title='bbox 667 1599 740 1666; x_wconf 70' lang='lat' dir='ltr'>longa</span> <span class='ocrx_word' id='word_1_128' title='bbox 755 1596 857 1651; x_wconf 69' lang='lat' dir='ltr'>modo?</span> <span class='ocrx_word' id='word_1_129' title='bbox 890 1648 894 1652; x_wconf 74' lang='grc'><strong><em>,</em></strong></span> 
     </span>
     <span class='ocr_line' id='line_1_20' title="bbox 208 1671 794 1741; baseline 0.002 -17"><span class='ocrx_word' id='word_1_130' title='bbox 208 1673 288 1724; x_wconf 89' lang='lat' dir='ltr'>Moris</span> <span class='ocrx_word' id='word_1_131' title='bbox 303 1691 334 1724; x_wconf 82' lang='lat' dir='ltr'>an</span> <span class='ocrx_word' id='word_1_132' title='bbox 348 1675 438 1728; x_wconf 86' lang='lat' dir='ltr'>oblitus</span> <span class='ocrx_word' id='word_1_133' title='bbox 453 1673 525 1741; x_wconf 86' lang='lat' dir='ltr'>patrii</span> <span class='ocrx_word' id='word_1_134' title='bbox 540 1671 692 1724; x_wconf 79' lang='lat' dir='ltr'>contendere</span> <span class='ocrx_word' id='word_1_135' title='bbox 706 1671 794 1725; x_wconf 74' lang='lat' dir='ltr'>utram</span> 
     </span>
     <span class='ocr_line' id='line_1_21' title="bbox 165 1743 914 1808; baseline -0.001 -13"><span class='ocrx_word' id='word_1_136' title='bbox 165 1760 199 1808; x_wconf 86' lang='lat'>50</span> <span class='ocrx_word' id='word_1_137' title='bbox 245 1747 391 1799; x_wconf 83' lang='lat' dir='ltr'>Sarmaticos</span> <span class='ocrx_word' id='word_1_138' title='bbox 407 1745 502 1798; x_wconf 69' lang='lat' dir='ltr'>arcus?</span> <span class='ocrx_word' id='word_1_139' title='bbox 520 1745 548 1798; x_wconf 68' lang='lat' dir='ltr'>dt</span> <span class='ocrx_word' id='word_1_140' title='bbox 562 1746 645 1796; x_wconf 69' lang='lat' dir='ltr'>nahar</span> <span class='ocrx_word' id='word_1_141' title='bbox 659 1757 712 1796; x_wconf 83' lang='lat' dir='ltr'>arte</span> <span class='ocrx_word' id='word_1_142' title='bbox 726 1743 799 1796; x_wconf 69' lang='lat' dir='ltr'>loci?</span> <span class='ocrx_word' id='word_1_143' title='bbox 910 1783 914 1794; x_wconf 92' lang='lat'>.</span> 
     </span>
     <span class='ocr_line' id='line_1_22' title="bbox 208 1816 895 1889; baseline -0.003 -18"><span class='ocrx_word' id='word_1_144' title='bbox 208 1818 264 1871; x_wconf 88' lang='lat' dir='ltr'>Hoc</span> <span class='ocrx_word' id='word_1_145' title='bbox 276 1838 372 1889; x_wconf 83' lang='lat' dir='ltr'>quoqne</span> <span class='ocrx_word' id='word_1_146' title='bbox 382 1837 421 1872; x_wconf 91' lang='lat' dir='ltr'>me</span> <span class='ocrx_word' id='word_1_147' title='bbox 431 1819 532 1873; x_wconf 79' lang='lat' dir='ltr'>studium</span> <span class='ocrx_word' id='word_1_148' title='bbox 541 1818 671 1886; x_wconf 80' lang='lat' dir='ltr'>prohibent</span> <span class='ocrx_word' id='word_1_149' title='bbox 680 1816 797 1873; x_wconf 70' lang='lat' dir='ltr'>assumere</span> <span class='ocrx_word' id='word_1_150' title='bbox 805 1816 874 1871; x_wconf 81' lang='lat' dir='ltr'>vires</span> <span class='ocrx_word' id='word_1_151' title='bbox 884 1835 895 1879; x_wconf 83' lang='lat'><em>3</em></span> 
     </span>
     <span class='ocr_line' id='line_1_23' title="bbox 243 1891 857 1963; baseline -0.005 -20"><span class='ocrx_word' id='word_1_152' title='bbox 243 1894 364 1961; x_wconf 87' lang='lat' dir='ltr'>Mensque</span> <span class='ocrx_word' id='word_1_153' title='bbox 382 1895 456 1963; x_wconf 82' lang='lat' dir='ltr'>magis</span> <span class='ocrx_word' id='word_1_154' title='bbox 472 1893 555 1963; x_wconf 80' lang='lat' dir='ltr'>gracili</span> <span class='ocrx_word' id='word_1_155' title='bbox 566 1907 671 1958; x_wconf 85' lang='lat' dir='ltr'>corpore</span> <span class='ocrx_word' id='word_1_156' title='bbox 686 1891 764 1946; x_wconf 78' lang='lat' dir='ltr'>nostra</span> <span class='ocrx_word' id='word_1_157' title='bbox 779 1893 857 1945; x_wconf 73' lang='lat' dir='ltr'>valet.</span> 
     </span>
     <span class='ocr_line' id='line_1_24' title="bbox 208 1963 924 2034; baseline 0.001 -18"><span class='ocrx_word' id='word_1_158' title='bbox 208 1964 269 2017; x_wconf 85' lang='lat' dir='ltr'>Crim</span> <span class='ocrx_word' id='word_1_159' title='bbox 279 1970 342 2018; x_wconf 89' lang='lat' dir='ltr'>bene</span> <span class='ocrx_word' id='word_1_160' title='bbox 352 1968 477 2034; x_wconf 74' lang='lat' dir='ltr'>quaesieris</span> <span class='ocrx_word' id='word_1_161' title='bbox 489 1999 497 2026; x_wconf 86' lang='lat'>‚</span> <span class='ocrx_word' id='word_1_162' title='bbox 509 1967 567 2032; x_wconf 90' lang='lat' dir='ltr'>quid</span> <span class='ocrx_word' id='word_1_163' title='bbox 577 1982 645 2033; x_wconf 77' lang='lat' dir='ltr'>agam</span> <span class='ocrx_word' id='word_1_164' title='bbox 655 1982 664 2024; x_wconf 81' lang='lat'>3</span> <span class='ocrx_word' id='word_1_165' title='bbox 679 1965 756 2034; x_wconf 76' lang='lat' dir='ltr'>magis</span> <span class='ocrx_word' id='word_1_166' title='bbox 766 1965 831 2018; x_wconf 85' lang='lat' dir='ltr'>utile</span> <span class='ocrx_word' id='word_1_167' title='bbox 840 1967 876 2019; x_wconf 71' lang='lat' dir='ltr'>nil</span> <span class='ocrx_word' id='word_1_168' title='bbox 886 1963 924 2017; x_wconf 62' lang='lat' dir='ltr'>cal</span> 
     </span>
     <span class='ocr_line' id='line_1_25' title="bbox 86 2038 777 2107; baseline 0.006 -19"><span class='ocrx_word' id='word_1_169' title='bbox 86 2075 89 2081; x_wconf 85' lang='lat'>.</span> <span class='ocrx_word' id='word_1_170' title='bbox 242 2040 340 2093; x_wconf 79' lang='lat' dir='ltr'>Artibus</span> <span class='ocrx_word' id='word_1_171' title='bbox 356 2040 412 2099; x_wconf 89' lang='lat' dir='ltr'>his,</span> <span class='ocrx_word' id='word_1_172' title='bbox 429 2058 482 2107; x_wconf 78' lang='lat' dir='ltr'>quae</span> <span class='ocrx_word' id='word_1_173' title='bbox 498 2041 532 2094; x_wconf 81' lang='lat' dir='ltr'>nil</span> <span class='ocrx_word' id='word_1_174' title='bbox 547 2038 660 2093; x_wconf 76' lang='lat' dir='ltr'>utilitatis</span> <span class='ocrx_word' id='word_1_175' title='bbox 674 2039 777 2092; x_wconf 79' lang='lat' dir='ltr'>habent.</span> 
     </span>
     <span class='ocr_line' id='line_1_26' title="bbox 164 2110 747 2179; baseline 0.007 -18"><span class='ocrx_word' id='word_1_176' title='bbox 164 2125 174 2174; x_wconf 86' lang='lat'><em>5</em></span> <span class='ocrx_word' id='word_1_177' title='bbox 183 2126 193 2173; x_wconf 83' lang='lat'>5</span> <span class='ocrx_word' id='word_1_178' title='bbox 210 2110 352 2179; x_wconf 85' lang='lat' dir='ltr'>Consequor</span> <span class='ocrx_word' id='word_1_179' title='bbox 368 2114 460 2167; x_wconf 81' lang='lat' dir='ltr'>exiliis</span> <span class='ocrx_word' id='word_1_180' title='bbox 476 2113 544 2166; x_wconf 81' lang='lat' dir='ltr'>casils</span> <span class='ocrx_word' id='word_1_181' title='bbox 560 2112 649 2163; x_wconf 81' lang='lat' dir='ltr'>oblivia</span> <span class='ocrx_word' id='word_1_182' title='bbox 663 2110 747 2165; x_wconf 73' lang='lat' dir='ltr'>nostri.</span> 
     </span>
     <span class='ocr_line' id='line_1_27' title="bbox 242 2185 858 2241; baseline 0 -6"><span class='ocrx_word' id='word_1_183' title='bbox 242 2186 312 2237; x_wconf 82' lang='lat' dir='ltr'>Hanc</span> <span class='ocrx_word' id='word_1_184' title='bbox 329 2187 382 2238; x_wconf 81' lang='lat' dir='ltr'>satis</span> <span class='ocrx_word' id='word_1_185' title='bbox 398 2186 432 2239; x_wconf 81' lang='lat' dir='ltr'>est</span> <span class='ocrx_word' id='word_1_186' title='bbox 447 2185 543 2240; x_wconf 75' lang='lat' dir='ltr'>mettun</span> <span class='ocrx_word' id='word_1_187' title='bbox 559 2187 580 2239; x_wconf 84' lang='lat' dir='ltr'>si</span> <span class='ocrx_word' id='word_1_188' title='bbox 596 2201 651 2241; x_wconf 79' lang='lat' dir='ltr'>mec</span> <span class='ocrx_word' id='word_1_189' title='bbox 664 2185 746 2240; x_wconf 82' lang='lat' dir='ltr'>reddit</span> <span class='ocrx_word' id='word_1_190' title='bbox 760 2185 858 2239; x_wconf 76' lang='lat' dir='ltr'>hunus.</span> 
     </span>
     <span class='ocr_line' id='line_1_28' title="bbox 207 2256 834 2325; baseline 0.005 -17"><span class='ocrx_word' id='word_1_191' title='bbox 207 2256 294 2310; x_wconf 82' lang='lat' dir='ltr'>Gloria</span> <span class='ocrx_word' id='word_1_192' title='bbox 306 2278 352 2315; x_wconf 80' lang='lat' dir='ltr'>ros</span> <span class='ocrx_word' id='word_1_193' title='bbox 367 2272 438 2311; x_wconf 86' lang='lat' dir='ltr'>acuat</span> <span class='ocrx_word' id='word_1_194' title='bbox 452 2272 460 2311; x_wconf 80' lang='lat' dir='ltr'>t</span> <span class='ocrx_word' id='word_1_195' title='bbox 477 2276 523 2310; x_wconf 87' lang='lat' dir='ltr'>vos</span> <span class='ocrx_word' id='word_1_196' title='bbox 539 2270 567 2309; x_wconf 86' lang='lat' dir='ltr'>nt</span> <span class='ocrx_word' id='word_1_197' title='bbox 580 2259 684 2309; x_wconf 79' lang='lat' dir='ltr'>recitata</span> <span class='ocrx_word' id='word_1_198' title='bbox 697 2260 834 2325; x_wconf 76' lang='lat' dir='ltr'>probentur</span> 
     </span>
     <span class='ocr_line' id='line_1_29' title="bbox 242 2331 723 2403; baseline 0 -20"><span class='ocrx_word' id='word_1_199' title='bbox 242 2332 371 2392; x_wconf 79' lang='lat' dir='ltr'>Carmina,</span> <span class='ocrx_word' id='word_1_200' title='bbox 390 2331 473 2383; x_wconf 86' lang='lat' dir='ltr'>Pi&#39;e&#39;riis</span> <span class='ocrx_word' id='word_1_201' title='bbox 491 2331 615 2403; x_wconf 75' lang='lat' dir='ltr'>invigilate</span> <span class='ocrx_word' id='word_1_202' title='bbox 631 2332 723 2383; x_wconf 85' lang='lat' dir='ltr'>choris.</span> 
     </span>
     <span class='ocr_line' id='line_1_30' title="bbox 206 2402 899 2470; baseline 0.004 -16"><span class='ocrx_word' id='word_1_203' title='bbox 206 2402 281 2467; x_wconf 87' lang='lat' dir='ltr'>Quod</span> <span class='ocrx_word' id='word_1_204' title='bbox 297 2406 364 2457; x_wconf 86' lang='lat' dir='ltr'>venit</span> <span class='ocrx_word' id='word_1_205' title='bbox 378 2420 409 2455; x_wconf 85' lang='lat' dir='ltr'>ex</span> <span class='ocrx_word' id='word_1_206' title='bbox 426 2404 509 2464; x_wconf 83' lang='lat' dir='ltr'>facili,</span> <span class='ocrx_word' id='word_1_207' title='bbox 526 2404 580 2455; x_wconf 83' lang='lat' dir='ltr'>latis</span> <span class='ocrx_word' id='word_1_208' title='bbox 595 2404 629 2454; x_wconf 87' lang='lat' dir='ltr'>est</span> <span class='ocrx_word' id='word_1_209' title='bbox 642 2420 794 2470; x_wconf 81' lang='lat' dir='ltr'>componore</span> <span class='ocrx_word' id='word_1_210' title='bbox 806 2404 899 2457; x_wconf 73' lang='lat' dir='ltr'>nolint</span> 
     </span>
     <span class='ocr_line' id='line_1_31' title="bbox 161 2474 743 2532; baseline 0.005 -6"><span class='ocrx_word' id='word_1_211' title='bbox 161 2474 196 2526; x_wconf 81' lang='lat'>60</span> <span class='ocrx_word' id='word_1_212' title='bbox 244 2478 275 2529; x_wconf 83' lang='lat' dir='ltr'>Et</span> <span class='ocrx_word' id='word_1_213' title='bbox 292 2478 360 2529; x_wconf 83' lang='lat' dir='ltr'>nirnis</span> <span class='ocrx_word' id='word_1_214' title='bbox 375 2478 462 2529; x_wconf 86' lang='lat' dir='ltr'>intenti</span> <span class='ocrx_word' id='word_1_215' title='bbox 479 2477 549 2532; x_wconf 80' lang='lat' dir='ltr'>causa</span> <span class='ocrx_word' id='word_1_216' title='bbox 565 2478 654 2530; x_wconf 84' lang='lat' dir='ltr'>laboris</span> <span class='ocrx_word' id='word_1_217' title='bbox 669 2476 743 2529; x_wconf 69' lang='lat' dir='ltr'>abeli.</span> 
     </span>
     <span class='ocr_line' id='line_1_32' title="bbox 206 2547 821 2619; baseline 0 -19"><span class='ocrx_word' id='word_1_218' title='bbox 206 2549 257 2601; x_wconf 84' lang='lat' dir='ltr'>Cur</span> <span class='ocrx_word' id='word_1_219' title='bbox 273 2568 320 2619; x_wconf 83' lang='lat' dir='ltr'>ego</span> <span class='ocrx_word' id='word_1_220' title='bbox 336 2550 429 2603; x_wconf 74' lang='lat' dir='ltr'>soliciti</span> <span class='ocrx_word' id='word_1_221' title='bbox 445 2551 534 2618; x_wconf 85' lang='lat' dir='ltr'>poliam</span> <span class='ocrx_word' id='word_1_222' title='bbox 549 2568 602 2601; x_wconf 88' lang='lat' dir='ltr'>mea</span> <span class='ocrx_word' id='word_1_223' title='bbox 620 2550 724 2601; x_wconf 75' lang='lat' dir='ltr'>carmina</span> <span class='ocrx_word' id='word_1_224' title='bbox 738 2547 821 2603; x_wconf 72' lang='lat' dir='ltr'>curi?</span> 
     </span>
     <span class='ocr_line' id='line_1_33' title="bbox 242 2620 835 2692; baseline -0.002 -19"><span class='ocrx_word' id='word_1_225' title='bbox 242 2622 282 2673; x_wconf 77' lang='lat' dir='ltr'>An</span> <span class='ocrx_word' id='word_1_226' title='bbox 297 2640 402 2685; x_wconf 88' lang='lat' dir='ltr'>verear,</span> <span class='ocrx_word' id='word_1_227' title='bbox 422 2641 453 2675; x_wconf 90' lang='lat' dir='ltr'>ne</span> <span class='ocrx_word' id='word_1_228' title='bbox 469 2640 520 2677; x_wconf 89' lang='lat' dir='ltr'>non</span> <span class='ocrx_word' id='word_1_229' title='bbox 535 2625 655 2692; x_wconf 84' lang='lat' dir='ltr'>approbet</span> <span class='ocrx_word' id='word_1_230' title='bbox 670 2625 712 2675; x_wconf 88' lang='lat' dir='ltr'>illa</span> <span class='ocrx_word' id='word_1_231' title='bbox 727 2623 808 2677; x_wconf 80' lang='lat' dir='ltr'>Getes</span> <span class='ocrx_word' id='word_1_232' title='bbox 821 2620 835 2673; x_wconf 72' lang='lat' dir='ltr'>l</span> 
     </span>
     <span class='ocr_line' id='line_1_34' title="bbox 203 2696 853 2766; baseline 0.002 -18"><span class='ocrx_word' id='word_1_233' title='bbox 203 2696 315 2749; x_wconf 81' lang='lat' dir='ltr'>Forsitan</span> <span class='ocrx_word' id='word_1_234' title='bbox 330 2696 442 2751; x_wconf 68' lang='lat' dir='ltr'>andater</span> <span class='ocrx_word' id='word_1_235' title='bbox 456 2698 563 2758; x_wconf 79' lang='lat' dir='ltr'>faciam,</span> <span class='ocrx_word' id='word_1_236' title='bbox 577 2697 620 2749; x_wconf 79' lang='lat' dir='ltr'>sed</span> <span class='ocrx_word' id='word_1_237' title='bbox 634 2698 747 2766; x_wconf 74' lang='lat' dir='ltr'>glorior,</span> <span class='ocrx_word' id='word_1_238' title='bbox 765 2696 853 2749; x_wconf 78' lang='lat' dir='ltr'>ldnm</span> 
     </span>
     <span class='ocr_line' id='line_1_35' title="bbox 241 2770 726 2841; baseline 0.002 -20"><span class='ocrx_word' id='word_1_239' title='bbox 241 2770 342 2841; x_wconf 84' lang='lat' dir='ltr'>Ingenio</span> <span class='ocrx_word' id='word_1_240' title='bbox 357 2774 447 2831; x_wconf 82' lang='lat' dir='ltr'>nullum</span> <span class='ocrx_word' id='word_1_241' title='bbox 463 2770 541 2837; x_wconf 85' lang='lat' dir='ltr'>majus</span> <span class='ocrx_word' id='word_1_242' title='bbox 553 2772 643 2823; x_wconf 79' lang='lat' dir='ltr'>habere</span> <span class='ocrx_word' id='word_1_243' title='bbox 658 2787 726 2822; x_wconf 84' lang='lat' dir='ltr'>meo·</span> 
     </span>
     <span class='ocr_line' id='line_1_36' title="bbox 158 2838 905 2912; baseline 0.005 -22"><span class='ocrx_word' id='word_1_244' title='bbox 158 2838 173 2890; x_wconf 88' lang='lat'><em>6</em></span> <span class='ocrx_word' id='word_1_245' title='bbox 176 2857 191 2904; x_wconf 80' lang='lat'>5</span> <span class='ocrx_word' id='word_1_246' title='bbox 203 2842 259 2894; x_wconf 86' lang='lat' dir='ltr'>Hoc</span> <span class='ocrx_word' id='word_1_247' title='bbox 273 2879 280 2905; x_wconf 87' lang='lat'><strong>‚</strong></span> <span class='ocrx_word' id='word_1_248' title='bbox 297 2845 338 2895; x_wconf 89' lang='lat' dir='ltr'>ubi</span> <span class='ocrx_word' id='word_1_249' title='bbox 352 2846 500 2904; x_wconf 83' lang='lat' dir='ltr'>vivendum,</span> <span class='ocrx_word' id='word_1_250' title='bbox 517 2844 572 2896; x_wconf 86' lang='lat' dir='ltr'>satis</span> <span class='ocrx_word' id='word_1_251' title='bbox 586 2843 621 2895; x_wconf 82' lang='lat' dir='ltr'>est</span> <span class='ocrx_word' id='word_1_252' title='bbox 634 2843 656 2895; x_wconf 85' lang='lat' dir='ltr'>si</span> <span class='ocrx_word' id='word_1_253' title='bbox 669 2843 805 2912; x_wconf 85' lang='lat' dir='ltr'>consequor</span> <span class='ocrx_word' id='word_1_254' title='bbox 818 2858 905 2904; x_wconf 76' lang='lat' dir='ltr'>stro.</span> 
     </span>
     <span class='ocr_line' id='line_1_37' title="bbox 240 2917 727 2989; baseline 0.01 -22"><span class='ocrx_word' id='word_1_255' title='bbox 240 2917 307 2969; x_wconf 85' lang='lat' dir='ltr'>Inter</span> <span class='ocrx_word' id='word_1_256' title='bbox 322 2919 463 2971; x_wconf 87' lang='lat' dir='ltr'>inhumanos</span> <span class='ocrx_word' id='word_1_257' title='bbox 481 2917 529 2989; x_wconf 77' lang='lat' dir='ltr'>effe</span> <span class='ocrx_word' id='word_1_258' title='bbox 546 2917 621 2988; x_wconf 61' lang='lat' dir='ltr'>point</span> <span class='ocrx_word' id='word_1_259' title='bbox 637 2917 727 2989; x_wconf 49' lang='lat' dir='ltr'>Getasa</span> 
     </span>
    </p>
   </div>
   <div class='ocr_carea' id='block_1_3' title="bbox 0 0 992 3700">
    <p class='ocr_par' dir='ltr' id='par_1_3' title="bbox 0 0 992 3700">
     <span class='ocr_line' id='line_1_38' title="bbox 0 0 992 3700; baseline 0 0"><span class='ocrx_word' id='word_1_260' title='bbox 0 0 992 3700; x_wconf 95' lang='lat' dir='ltr'> </span> 
     </span>
    </p>
   </div>
  </div>
 </body>
</html>
