1975 3700
143 224 466 292 FAsronvm
494 221 665 290 Lini.
715 243 763 320 23

47 341 112 393 Cum
123 353 194 394 tanto
205 341 296 392 veritus
312 339 466 390 committere
480 339 577 389 numine
587 355 710 408 pugnarn,

84 407 149 483 lpse
154 433 215 466 meae
229 431 294 464 movr
288 413 408 464 callidus
420 413 478 464 artis
493 429 565 479 opus.

48 490 172 558 Oraque,
192 507 238 556 qua
225 488 345 555 pollens
361 503 408 556 ope
421 486 490 546 sum,
510 487 611 538 fontana
622 486 733 548 reclusi;

86 565 194 630 Sumque
208 562 348 630 repentinas
362 559 497 627 eiaculatus
510 577 595 628 aquas.
777 578 830 628 270

48 636 116 690 Ante
129 650 212 687 tamen
226 636 313 706 gelidis
324 634 416 704 subjeci
426 635 517 686 sulfura
529 635 620 696 venis,

88 710 225 762 Clauderet
239 722 266 760 ut
279 708 354 760 Tatio
369 709 478 760 serridus
492 709 580 760 humor
593 709 652 763 iter·

50 783 131 852 Cujus
147 796 175 834 ut
188 783 279 835 utilitas
294 783 371 850 pulsis
385 793 502 850 percepta
516 782 630 844 Sabinis,

89 858 202 925 Quaeque
214 858 279 917 luit,
297 870 353 908 turo
368 856 464 906 reddita
474 855 552 906 sorma
562 857 621 907 loco
631 855 665 908 est
675 872 688 918 ς

51 931 102 983 Ara
114 931 174 982 milti
184 931 264 998 posita
279 929 332 989 esi,
350 945 427 997 parvo
439 928 566 994 conjuntu
577 929 665 982 sacello
675 947 685 984 s
777 945 812 998 27
817 945 829 996 5

89 1005 156 1055 Haec
167 1005 251 1055 adolet
260 1003 359 1054 flammis
371 1021 425 1054 cum
436 1002 499 1054 strue
509 1003 572 1054 sarra
586 1003 642 1054 suis.

52 1077 87 1129 At
104 1095 149 1128 cur
159 1095 219 1145 pace
235 1077 316 1128 lates?
338 1078 460 1144 motisque
472 1077 606 1128 recluderis
617 1075 714 1129 umis?

89 1153 145 1202 Nec
155 1168 222 1202 mora
233 1168 242 1210 3
263 1151 358 1219 quaesiti
368 1151 462 1202 reddita
474 1150 543 1201 causa
554 1150 622 1202 mihi.

52 1227 89 1278 Ut
99 1227 193 1292 populo
203 1224 296 1277 reditus
307 1237 408 1292 pateant
422 1225 453 1274 ad
463 1225 527 1275 belle
537 1223 649 1290 profetlo
659 1256 668 1286 2

89 1299 157 1348 Tota
166 1309 234 1366 patet
245 1299 326 1349 demti
338 1297 410 1366 janua
422 1297 500 1348 nostra
511 1297 573 1350 seri.
780 1295 833 1351 280

54 1370 118 1423 Pace
134 1371 199 1423 sores
214 1373 298 1432 obdu,
314 1389 345 1422 ne
360 1372 408 1439 qui
418 1371 543 1423 discedere
554 1369 653 1438 possit,

91 1445 251 1514 Caesareoque
267 1447 307 1496 diu
320 1446 419 1498 nomine
434 1446 527 1497 clausus
542 1462 598 1497 eto.

53 1518 145 1580 Dirit3
162 1519 207 1579 dt,
223 1521 338 1570 attollens
354 1521 440 1570 oculos
457 1519 550 1570 diversa
565 1532 683 1580 tuentes,

91 1591 193 1659 Aspexit
208 1605 264 1644 toto
280 1593 394 1661 quicquid
409 1595 434 1644 in
449 1595 509 1644 orbe
523 1593 581 1644 suit.

54 1664 104 1717 Pax
114 1678 167 1716 erat
179 1683 188 1726 ς
207 1666 233 1716 δι
244 1667 334 1726 vestri,
354 1665 521 1725 Germanice,
539 1666 609 1716 causa
619 1665 752 1732 triumphi,
782 1665 835 1734 285

90 1737 238 1790 Tradiderat
248 1739 348 1792 famulas
361 1737 411 1806 jam
423 1739 467 1788 tibi
477 1739 577 1790 Rhenus
592 1756 676 1806 aquas.

53 1811 116 1867 lane
128 1846 136 1874 ,
153 1811 206 1865 sace
218 1824 323 1865 aeternos
335 1810 423 1865 Pacem
435 1845 443 1875 ,
460 1810 577 1881 Pacisque
588 1809 727 1875 minillr0s3

91 1888 163 1937 Neve
175 1886 259 1947 suum,
276 1886 379 1955 praesta,
396 1886 492 1939 deserat
503 1887 587 1939 audior
601 1905 672 1955 opus.

55 1959 131 2026 Quod
142 1972 222 2011 tamen
234 1977 265 2011 ex
279 1962 337 2027 ipsis
349 1960 418 2011 licuit
433 1961 490 2011 milri
502 1961 594 2013 discere
606 1962 677 2014 fanis
689 1994 698 2021 ,

92 2032 225 2085 sacravere
236 2032 321 2085 Patres
331 2035 377 2085 hac
387 2034 437 2085 duo
448 2036 539 2101 templa
550 2035 598 2085 die.
781 2048 834 2100 290

55 2106 159 2175 Accepit
170 2104 264 2159 Phoebo
273 2106 435 2175 Nymphaique
449 2107 574 2159 Coronide
588 2120 671 2159 natum

93 2178 187 2241 Insula,
206 2180 302 2232 dividua
317 2197 386 2249 quam
401 2181 490 2247 premit
503 2183 581 2232 amnis
596 2182 667 2249 aquai.

55 2251 193 2321 luppiter
186 2272 211 2304 ιιι
206 2266 291 2327 parte
302 2255 356 2305 eli:
370 2254 436 2321 cepit
446 2254 516 2304 locus
525 2272 589 2306 unus
601 2268 750 2323 utrumque,

93 2313 227 2401 Junslaqu'e
242 2327 295 2379 sunt
306 2343 393 2397 magno
408 2327 499 2393 templa
513 2325 610 2411 nepotis
624 2346 682 2380 aro

56 2397 147 2465 QUID
156 2412 224 2453 vetat
234 2400 356 2459 &sellan
364 2412 392 2451 ut
400 2417 502 2467 quaeque
512 2400 638 2486 oriturque
647 2402 769 2471 caditque,
782 2418 832 2468 295

92 2472 208 2525 Dicere?
226 2474 336 2581 promissi
352 2491 406 2542 pars
418 2472 450 2525 sit
464 2473 490 2525 dt
504 2472 547 2523 iiia
561 2476 617 2525 mei.

55 2548 153 2603 Felices
163 2547 256 2599 animos
269 2584 276 2599 .
270 2546 374 2615 'quibus
385 2548 439 2597 haec
454 2548 603 2615 cognoscere
618 2566 699 2614 prmus
711 2579 719 2610 ,

95 2619 169 2689 lnque
184 2622 270 2672 domos
281 2621 378 2690 superas
389 2620 503 2671 scandere
515 2638 572 2671 cura
588 2623 643 2674 suit.
697 2627 700 2633 '

55 2692 181 2747 credibile
193 2694 227 2745 est
240 2695 295 2745 illos
311 2694 403 2763 pariter
413 2693 526 2761 vitiisque
541 2695 653 2764 locisque

94 2767 173 2819 Altius
187 2768 296 2819 humanis
313 2766 439 2818 exseruisse
455 2779 538 2835 caput.
779 2782 832 2837 300

56 2840 115 2895 Non
125 2843 210 2893 Venus
223 2841 283 2893 &'
259 2858 339 2891 vrnum
351 2840 456 2892 sublimia
469 2842 569 2909 pellora
581 2842 675 2918 fregit·
747 2906 754 2914 ⁶

92 2911 239 2979 Officiumvc
254 2915 323 2993 lori,
339 2915 461 2967 militiaeve
476 2916 559 2970 labor
