1975 3700
218 289 294 363 3¹2
342 266 383 335 P.
406 246 598 336 omnir
624 267 860 338 Nasonis

215 387 347 438 fortunam
363 389 435 437 decet
449 386 499 436 hoc
514 385 578 435 istam
595 401 602 436 :
619 403 673 452 quae
690 389 792 437 maxima
809 388 865 439 cum
884 388 941 451 sit,

252 458 306 509 Esse
322 459 400 525 potest
417 460 498 509 animo
513 459 554 509 vix
570 471 652 509 tamen
668 475 736 524 aequa
752 474 806 510 tuo.

175 550 207 599 15
220 531 374 597 Conspicitur
385 548 513 600 numquam
530 533 631 582 meliore
644 534 756 598 potentia
775 534 847 584 causi
861 568 872 596 ,

252 605 332 670 Quim
350 607 446 672 quoties
460 621 534 655 vanas
551 621 600 656 non
616 605 673 655 sinit
686 605 734 656 esse
750 624 850 673 preces.

214 679 274 730 Hoc
289 679 354 729 nitor
369 680 411 728 ille
427 680 463 729 tui
480 679 576 748 generis
591 679 712 729 desiderat
725 691 732 729 ε
745 679 793 729 hoc
809 679 845 730 est

252 751 274 801 A
291 752 389 817 Superis
406 764 467 802 ortae
483 752 616 801 nobilitatis
633 767 704 818 opus.

214 825 272 875 Hoc
288 825 332 874 tibi
346 825 371 875 dt
382 825 534 890 Eumolpus,
553 825 649 892 generis
664 823 808 876 clarissimus
826 827 937 889 auidior,

171 916 206 951 20
255 897 301 956 Et,
318 899 385 963 prior
402 898 542 964 Eumolpo,
559 898 643 948 suadet
656 897 840 951 'Erichthonius-

215 971 272 1022 Hoc
288 983 369 1020 tecum
387 988 515 1020 commune
531 972 590 1021 Deo
603 987 610 1020 ε
624 971 689 1037 quod
706 983 810 1038 uterque
828 974 936 1042 rogati,

251 1045 404 1110 supplicibus
419 1044 502 1094 vellris
518 1045 584 1095 serre
600 1044 680 1094 soletis
696 1061 777 1111 opem.

214 1117 339 1183 Numquid
354 1117 420 1176 erit,
441 1134 515 1183 quare
532 1117 603 1167 solito
617 1117 744 1184 dignemur
759 1119 856 1168 honore

251 1190 376 1250 Numina,
396 1191 416 1239 si
433 1191 515 1240 demas
529 1192 594 1242 velle
609 1190 695 1257 juvare
710 1191 780 1242 Deos
795 1190 806 1240 d

172 1282 205 1333 25
216 1263 327 1331 Juppiter
343 1263 423 1313 oranti
440 1264 521 1313 surdas
538 1264 558 1314 si
575 1265 682 1329 praebeat
698 1279 788 1321 aures,

252 1336 357 1387 Victima
374 1354 419 1402 pro
436 1339 528 1402 templo
544 1354 587 1388 cur
604 1337 675 1386 cadat
690 1336 733 1386 iun
750 1335 845 1388 lovis?

215 1411 241 1462 si
257 1425 341 1476 pacem
359 1411 448 1459 nullam
465 1409 557 1460 Pontus
574 1409 632 1458 mihi
646 1409 740 1475 praeslet
757 1410 847 1468 eunti,

253 1483 323 1532 lrrita
338 1485 456 1548 Neptuno
473 1499 516 1533 cur
533 1499 579 1551 ego
594 1494 648 1532 tura
664 1479 762 1532 feram?

215 1556 287 1609 Vana
302 1557 433 1606 laborantis
450 1556 471 1605 si
488 1556 555 1605 sallat
570 1569 628 1606 vota
645 1556 746 1614 coloni,

174 1645 208 1697 30
245 1629 368 1696 'Accipiat
383 1629 488 1696 gravidae
507 1643 549 1678 cut
566 1629 612 1679 suis
629 1641 704 1685 exta,
721 1627 826 1679 Ceres?

215 1705 271 1756 Nec
289 1703 353 1754 dabit
370 1702 466 1752 intonso
482 1701 590 1770 jugulum
607 1718 681 1768 caper
694 1702 767 1752 hollia
783 1701 904 1760 Baccho,

253 1775 332 1825 Mulla
348 1776 389 1826 sub
404 1774 506 1824 adduuo
523 1775 542 1825 si
558 1773 620 1842 pede
638 1777 701 1825 nulla
719 1775 802 1825 fluant.

218 1849 298 1901 Caet'at
314 1862 342 1900 ut
358 1848 451 1915 imperii
463 1849 604 1900 moderetur
619 1847 705 1909 frena,
725 1865 873 1915 precamur,

254 1923 316 1971 Tam
331 1925 394 1974 bene
411 1940 460 1989 quo
476 1925 560 1988 patriae
579 1923 682 1973 consulit
699 1924 740 1973 ille
756 1922 812 1973 sue.

174 2010 207 2063 35
221 1996 321 2047 Utilitas
334 1990 407 2062 igiiur
420 2013 520 2063 magnos
536 1996 695 2062 hominesque
711 1994 831 2063 Deosque

256 2066 335 2119 Efficit
347 2085 357 2127 3
371 2069 465 2119 auxiliis
480 2086 578 2135 quoque
592 2070 690 2119 lavante
707 2068 762 2119 suis.
859 2072 870 2125 ’,

217 2142 258 2192 Tu
274 2157 371 2208 quoque
385 2142 423 2191 sac
440 2143 518 2208 prosis
532 2142 594 2192 intra
611 2154 650 2192 tua
666 2140 739 2193 castra
751 2140 864 2209 jacenti,

255 2212 281 2265 Ο
297 2214 385 2283 Coty!
401 2214 531 2283 progenies
548 2215 618 2281 digna
634 2226 733 2280 parente
748 2227 802 2266 tuo.

219 2287 376 2338 Conveniens
386 2288 477 2337 homini
487 2287 536 2346 eli,
546 2288 666 2339 hominem
677 2288 787 2349 servare,
797 2289 931 2353 voluptas:

173 2377 208 2426 40
256 2361 288 2410 Et
303 2359 388 2411 melitis
404 2361 470 2410 nulli
484 2362 600 2427 quaeritur
614 2374 666 2411 ante
682 2362 761 2411 lavor.

219 2434 282 2500 Quis
293 2452 342 2484 non
353 2434 501 2501 Antiphaten
512 2434 655 2503 Laeflrigone
666 2431 789 2485 devovet?
802 2445 843 2484 aut
855 2432 909 2501 quis

253 2506 366 2558 Munifici
381 2524 461 2558 mores
477 2508 597 2574 improbat
613 2505 733 2557 Alcino’rt

218 2582 276 2631 Non
290 2582 334 2631 tibi
344 2580 501 2631 Cassandreus
511 2594 580 2648 pater
590 2580 623 2630 eli
635 2613 643 2639 ,
658 2580 769 2649 gentisve
779 2579 886 2631 Pheraeae
896 2596 908 2638 ς

255 2653 338 2718 Quive
353 2667 505 2719 repertorem
519 2655 608 2704 torruit
622 2666 675 2704 arte
691 2652 749 2705 sui:

174 2744 208 2795 45
221 2728 271 2779 Sed
286 2731 356 2795 quim
370 2728 452 2777 Marte
469 2728 559 2784 ferox,
577 2729 602 2779 ὃ(
617 2728 681 2778 vinci
695 2727 789 2777 nescius
804 2724 896 2785 armis,

252 2802 315 2851 Tam
331 2818 476 2869 numquam,
494 2800 554 2851 sosii
571 2818 649 2866 pace,
666 2799 759 2850 cruoris
775 2814 866 2850 amans.

217 2873 306 2933 A'dde,
323 2876 388 2941 quod
404 2876 519 2943 ingenuas
537 2873 640 2923 didicisse
656 2870 760 2923 fideliter
776 2886 862 2931 artes,

254 2948 354 3001 Emollit
368 2963 450 3001 mores
459 2981 468 3011 ,
485 2964 532 2999 nec
549 2948 607 3000 sinit
622 2946 670 2999 elie
687 2948 764 3001 seros.
869 3019 894 3072 N

895 3035 929 3072 ee
971 3072 973 3085 l
