1975 3700
174 233 486 300 FAsronuM
515 231 629 298 Lrn.
655 233 724 301 IV.
755 253 828 326 105

107 353 177 405 Exta
192 353 263 402 bovis
280 350 367 400 dantur
383 349 487 416 gravide
500 365 508 400 t
523 348 620 399 felicior
634 365 711 400 annus

150 426 291 482 Provenit,
313 425 338 476 δι
354 423 455 472 studium
470 435 536 472 terra
551 438 674 487 pecusque
690 424 781 474 serunt.

110 500 186 551 Hanc
201 499 322 564 quondam
337 497 460 563 Cythereia
476 496 539 544 diem
550 496 719 561 properantius
735 499 772 548 ire

150 573 164 625 J
167 573 228 622 ussit
241 603 249 628 ‚
266 570 291 622 δι
307 569 423 620 aetherios
439 569 597 634 precipitavit
610 585 708 634 equos;

111 647 152 696 Ur
168 646 267 695 titulum
279 643 373 707 imperii
389 645 458 709 quim
473 640 574 707 primitm
589 643 644 692 luce
658 641 767 709 sequenti
834 642 885 711 675

152 717 260 785 Augusto
277 715 360 781 juveni
375 715 488 780 prospera
500 717 564 765 bella
578 716 670 765 darent.

111 792 190 843 SED
206 790 253 855 jam
269 789 403 854 praeteritas
418 799 517 855 quartus
529 789 574 838 tibi
585 788 683 840 Lucifer
697 790 754 842 ldus

152 863 260 928 Respicit
272 864 336 914 :hac
351 863 452 928 Hyades
467 861 563 910 Dorida
578 862 650 912 nodie
664 876 761 927 petunt.

112 936 273 988 TERTIA
285 935 337 1001 post
350 935 450 1002 Hyadas
461 933 516 984 ciun
531 935 573 984 lux
587 935 633 984 erit
644 949 699 985 orta
715 949 841 998 remotas,

154 1011 262 1060 Carcere
278 1008 382 1078 partitos
395 1007 480 1058 Circus
496 1007 595 1056 habebit
611 1010 697 1074 equos.
836 1012 891 1063 680

113 1085 167 1135 Cur
181 1084 255 1151 igitur
270 1081 342 1132 misia
356 1081 441 1132 vinslis
457 1080 565 1130 ardentia
581 1082 651 1131 taedis

149 1157 234 1224 Terga
249 1157 328 1206 serant
344 1156 450 1220 vulpes,
470 1154 539 1204 causa
554 1153 665 1204 docenda
677 1157 745 1209 mibi.

111 1231 213 1297 Frigida
229 1227 356 1287 Carseoli,
374 1243 419 1277 nec
435 1227 506 1277 olivis
522 1240 578 1293 apta
593 1228 720 1290 serendis,

151 1305 251 1361 Terta,
269 1301 310 1352 sed
325 1303 354 1350 ad
369 1301 463 1369 segetes
479 1302 616 1368 ingeniosus
630 1319 713 1370 agen·

111 1377 170 1428 Hic
188 1393 235 1444 ego
248 1374 381 1442 Pelignus,
398 1375 485 1424 natalia
499 1392 574 1433 rura,
590 1379 703 1440 petebam
715 1392 726 1434 ς
836 1375 869 1428 68
874 1394 887 1442 5

152 1450 248 1508 Parva,
266 1448 306 1498 sed
321 1449 420 1499 assiduis
436 1448 509 1498 uvida
523 1447 616 1514 semper
631 1450 708 1514 aquis.

113 1523 226 1590 Hospitis
235 1523 331 1589 ,antiqui
347 1523 426 1572 solitas
440 1520 579 1572 intravimus
593 1522 658 1572 ardes
672 1539 680 1580 ;

152 1595 283 1646 Demserat
300 1595 407 1645 emeritis
420 1594 468 1661 jam
482 1593 540 1661 juga
554 1593 660 1646 Phoebus
676 1595 754 1661 equis.

116 1672 144 1722 ls
156 1670 215 1719 mihi
225 1670 299 1720 multa
313 1669 429 1736 quidem,
447 1668 487 1717 sed
501 1668 527 1717 δι
537 1668 610 1726 haec,
626 1684 722 1718 narrare
734 1669 847 1728 solebat,
926 1719 936 1729 ,

152 1743 226 1792 Unde
243 1759 321 1792 meum
338 1741 441 1808 praesens
457 1740 614 1790 instrueretur
629 1757 699 1805 opus.
838 1744 890 1807 690

115 1818 194 1875 Hoc,
212 1816 245 1865 ait
258 1849 266 1875 ,
281 1816 307 1865 in
323 1831 426 1881 campo,
446 1820 603 1881 camptunque
613 1813 735 1875 ostendit,
751 1815 855 1867 habebat

155 1891 206 1941 Rus
221 1891 295 1941 breve
309 1906 364 1939 cum
380 1889 441 1939 duro
457 1904 529 1954 parca
543 1890 632 1939 colona
646 1889 711 1939 viro.

114 1966 164 2015 llle
179 1964 244 2013 suam
260 1964 391 2029 peragebat
404 1962 503 2011 humum
515 1978 525 2019 5
541 1962 594 2013 sive
611 1962 666 2011 usus
678 1963 772 2024 aratri,

154 2038 211 2089 Sive
228 2052 294 2086 cavae
309 2036 394 2094 falcis,
414 2036 466 2085 sive
481 2035 585 2085 bidentis
601 2048 662 2085 erat.

115 2111 180 2162 Haec
198 2107 271 2161 modb
286 2111 399 2160 verrebat
415 2108 514 2161 stantem
528 2108 627 2159 tibicine
644 2110 744 2168 villam3
837 2112 888 2179 695

154 2185 226 2233 Nunc
242 2182 323 2233 matris
334 2182 426 2247 plumis
443 2197 490 2230 ova
504 2180 611 2231 fovenda
628 2182 710 2233 dabat.

113 2257 168 2309 Aut
183 2256 272 2307 virides
287 2256 396 2314 malvas,
413 2266 455 2305 aut
468 2254 557 2321 fungos
573 2255 666 2321 colligit
679 2257 770 2316 albos;

153 2331 205 2380 Aut
220 2329 335 2379 humilem
350 2340 420 2395 grato
434 2327 531 2379 calfacit
544 2327 600 2394 igne
617 2328 709 2379 locum.

115 2403 150 2455 Et
165 2417 247 2453 tamen
262 2402 360 2453 assiduis
378 2413 478 2453 exercet
493 2401 590 2451 brachia
605 2402 683 2460 telis,

154 2476 336 2543 Adversumque
353 2474 427 2525 minas
442 2474 541 2541 frigoris
558 2491 622 2525 arma
636 2486 715 2541 parat.
839 2494 893 2543 700

117 2550 194 2605 Filius
210 2548 281 2613 hujus
298 2559 351 2599 erat
366 2549 444 2614 primo
460 2547 560 2598 lascivus
575 2548 602 2597 in
617 2564 692 2607 aevo,
794 2556 806 2589 ἒ

155 2622 337 2688 Addideratque
351 2638 427 2671 annos
442 2622 471 2671 ad
487 2621 536 2669 duo
551 2620 621 2671 lustra
637 2622 711 2673 duos.

115 2697 143 2749 ls
160 2695 224 2761 capit
241 2694 343 2746 extremi
358 2697 455 2760 vulpem
472 2694 513 2744 sub
529 2695 592 2746 valle
607 2694 696 2754 salisii3

156 2768 292 2819 Abstulerat
309 2768 395 2819 multas
411 2768 451 2819 illa
469 2767 576 2819 cohortis
590 2784 659 2819 aves.

118 2842 246 2907 Captivam
262 2840 346 2908 ilipulb
361 2841 476 2906 soenoque
492 2841 613 2899 involvit,
632 2842 658 2891 ὃ(
674 2840 745 2909 ignes
840 2861 893 2911 705

154 2914 298 2967 Admovet:
310 2926 408 2969 urentes
425 2907 513 2983 effugit
526 2913 568 2967 itu
582 2930 677 2969 mutis·
735 2988 758 3038 Ε

770 3006 786 3041 r
