1975 3700
197 258 274 329 214
321 236 362 304 P.
390 238 580 305 OVrDrr
606 226 841 306 Nasonis

196 358 274 425 Cujus
290 368 318 407 ut
332 358 412 407 oblata
427 355 461 405 ell
475 355 623 422 praesentim
637 355 788 415 vincimus,
804 357 891 425 iuquit.

210 437 214 447 '
232 432 280 481 Hic
298 430 354 479 mibi
370 442 447 479 morte
463 428 504 479 sual
521 430 590 479 caula
604 429 685 478 salutis
699 429 757 481 erit.

153 522 185 571 25
199 504 312 556 Protinus
327 505 420 572 ignari,
439 518 485 553 nec
501 502 693 570 quidquam’tale
708 502 841 563 timentis,

233 579 366 628 lnnocuurn
381 577 460 645 rigido
477 577 588 643 perforat
605 575 661 626 ense
679 578 752 627 latus.

198 651 301 719 Atque
294 663 345 711 tta,
364 651 477 707 divellit,
497 650 637 716 divulsaque
652 651 760 700 membra
776 666 824 716 per
839 666 910 719 agros

233 725 362 791 Dissipat,
377 724 402 773 in
416 724 497 773 multis
512 722 658 772 invenienda
672 724 743 772 locis.

195 800 251 849 Neu
267 809 335 863 pater
351 796 466 863 ignoret,
484 795 585 863 scopulo
602 796 719 860 proponit
732 796 758 844 in
774 797 831 847 alto
962 733 963 842 l

156 884 188 938 30
236 870 405 935 Pallentesque
420 884 527 926 manus,
547 868 751 936 sanguineumque
767 881 857 935 caput.

196 943 231 994 Ut
247 943 343 1011 genitor
358 942 470 1008 lustuque
485 958 553 993 novo
565 942 694 1001 tardetur,
712 942 739 991 &
753 954 824 993 artus

232 1018 298 1066 Dum
315 1016 375 1083 legit
390 1015 539 1075 exstinslos,
555 1015 622 1066 stille
637 1027 747 1065 moretur
762 1015 822 1065 iter.

196 1090 256 1141 Inde
271 1090 355 1140 Tomis
372 1088 447 1139 diuus
462 1090 532 1139 locus
548 1086 603 1147 esl‘3
622 1088 678 1154 quia
691 1088 771 1139 sertus
785 1088 812 1138 iu
827 1087 873 1139 illo
962 1085 963 1142 l

232 1164 343 1214 Membra
360 1162 427 1212 soror
444 1161 525 1213 fratris
542 1160 688 1213 consecuisse
703 1160 749 1212 sui.
962 1163 963 1166 ’

191 1248 840 1323 «π’-ἔβεξϋ

121 1408 126 1417 ·
357 1370 613 1437 ELEGIA
658 1370 700 1435 X.

198 1467 253 1587 St
270 1532 322 1600 quis
335 1532 414 1582 adhuc
427 1530 476 1583 istic
491 1528 600 1583 meminit
614 1529 718 1582 Nasonis
730 1528 831 1587 ademti,

231 1606 262 1655 Et
278 1605 381 1670 superesi
395 1606 447 1656 sine
464 1622 504 1655 me
518 1622 608 1656 nomen
622 1606 648 1653 in
664 1605 733 1655 Urbe
748 1620 840 1661 meuma

185 1679 348 1745 ·Suppositum
364 1678 436 1729 llellis
453 1695 581 1745 numquam
595 1677 749 1746 tangentibus
763 1692 857 1743 aeqnor,

231 1752 275 1802 Me
290 1752 348 1802 sciat
360 1752 385 1802 in
402 1752 481 1803 medii
496 1753 580 1802 virere
596 1751 714 1801 barbarie.

171 1843 182 1893 5
196 1826 342 1878 Sauromata
353 1826 467 1893 cingunt,
478 1826 614 1893 seregent,
625 1824 757 1890 Bessique,
771 1822 901 1890 Getaeque:

231 1899 310 1964 Quam
327 1915 376 1950 non
390 1899 489 1967 ingenio
505 1899 601 1948 nomina
618 1899 689 1966 digna
704 1896 781 1947 meo!

192 1973 259 2022 Dum
269 1985 349 2023 tamen
359 1989 415 2022 aura
426 1985 496 2038 tepet
507 2006 515 2030 ‚
525 1971 768 2022 medio-defendimur
777 1969 850 2023 Istro·

229 2047 274 2096 llle
290 2046 335 2096 suis
350 2045 452 2112 liquidus
467 2047 531 2094 bella
547 2045 646 2111 repellit
660 2044 738 2110 aquis.

194 2120 228 2170 Ar
243 2117 297 2168 clun
312 2117 383 2170 tristis
397 2117 474 2168 hiems
490 2118 621 2184 squalentia
635 2117 738 2183 protulit
753 2131 818 2173 ota,

154 2207 185 2248 to
232 2193 357 2258 Terraque
373 2207 510 2241 marmoreo
523 2192 623 2240 eandida
637 2190 698 2240 salta
714 2189 771 2258 gelu
787 2187 841 2238 elit

193 2265 258 2316 Dum
272 2277 340 2331 patet
355 2265 379 2316 δι
395 2265 505 2321 boreas,
523 2264 548 2314 δι
564 2264 605 2314 nix
618 2263 705 2328 injetu
719 2263 761 2314 sub
776 2260 874 2318 Arslot

229 2339 294 2388 Turn
309 2340 386 2406 liquet
401 2339 444 2388 bas
459 2347 545 2406 gentes
561 2353 607 2386 axe
622 2347 744 2387 tremente
757 2334 847 2400 premi.

193 2413 240 2464 Nix
252 2411 317 2478 jacet
329 2429 336 2462 t
349 2411 374 2461 δι
385 2408 469 2476 jasium
480 2425 527 2460 nec
537 2410 581 2460 Sol
591 2411 710 2476 pluviave
721 2409 863 2459 resolvunt:

228 2485 327 2535 ludurat
343 2485 451 2543 Boreas,
472 2495 661 2551 perpetuamque
676 2482 746 2534 lacit.

152 2576 163 2613 t
170 2576 182 2626 5
195 2559 280 2625 Ergo,
298 2557 339 2606 ubi
350 2557 449 2607 delicuit
460 2558 565 2607 nondum
575 2557 641 2623 prior
653 2589 660 2615 ,
678 2558 754 2606 altera
761 2553 853 2605 venit:
901 2558 905 2566 “

230 2632 260 2682 Et
275 2632 337 2681 solet
352 2631 375 2679 in
390 2631 471 2680 multis
487 2631 550 2679 bima
561 2646 659 2680 manere
675 2629 746 2680 locis.

191 2707 318 2770 Tantaque
335 2697 450 2754 commoti
466 2703 503 2753 vis
518 2703 552 2752 est
567 2702 714 2772 Aquilonis,
732 2711 760 2752 ut
775 2699 838 2749 altas

228 2777 320 2845 AEquet
335 2780 408 2828 humo
424 2789 524 2831 turres,
543 2776 654 2842 sellaque
670 2788 738 2840 rapta
752 2774 827 2824 serat.

191 2851 318 2910 Pellibus,
334 2851 360 2902 &
376 2851 433 2900 sutis
447 2860 530 2899 artent
546 2847 608 2898 male
624 2849 715 2916 frigore
730 2847 843 2901 braccist

148 2943 182 2978 20
230 2925 331 2994 Oraque
346 2925 376 2975 de
393 2935 449 2976 toto
463 2937 569 2990 corpore
584 2920 634 2973 sola
648 2931 743 2989 patent·
