1975 3700
143 231 287 321 Emer.
313 266 372 318 ax
399 252 543 318 Ponto
571 237 615 319 ιζ
637 251 661 320 I
669 255 710 323 V.
738 254 809 348 361

94 371 252 438 finitumque
267 383 357 429 tunm,
374 368 394 418 si
411 386 461 418 non
477 369 593 428 ratione,
612 371 722 422 dolorem

135 445 192 510 Ipsi
207 444 361 511 jampridem
378 442 483 507 suspicor
498 442 545 492 else
562 445 640 495 mori.

97 518 168 566 Dum
183 530 224 567 tua
241 518 369 583 pervenit,
385 516 441 565 dum
455 516 528 566 litora
544 516 622 567 nostra
637 533 765 569 recurrens
825 534 835 569 ι
844 536 856 586 5

136 590 190 640 Tot
205 591 278 640 maria
294 601 415 641 attentas
431 601 561 656 permeat,
579 607 655 642 annus
669 593 730 642 abit.
798 603 800 608 '

98 663 232 729 Temporis
249 661 373 721 officium,
390 662 472 712 solatia
489 662 590 723 dicere,
609 665 671 715 certi
687 665 739 725 eil,

136 736 205 786 Dum
216 737 287 787 dolor
296 738 320 786 in
331 735 401 784 cursu
411 735 445 784 est
456 769 464 794 ,
479 736 535 785 dum
545 737 606 802 petit
617 753 683 804 aeger
693 755 775 806 opem.

99 809 135 860 At
152 807 206 860 clam
223 812 295 877 longa
312 811 364 860 dies
382 808 472 859 sedant
487 811 588 860 vulnera
603 811 711 871 mentis,

137 883 307 950 lntempellive
322 882 363 952 qui
379 881 450 930 fovet
465 882 526 938 illa,
543 896 628 933 novat.
822 902 855 934 ιο

99 953 171 1006 Adcle
183 957 247 1022 quod
259 991 266 1015 ,
283 970 355 1022 atque
367 954 456 1003 utinam
467 971 550 1004 verum
563 957 606 1005 tibi
617 957 714 1010 venerit
725 975 796 1010 omen
811 959 816 1008 l

138 1028 263 1097 Coniugio
278 1031 336 1082 felix
349 1027 397 1095 jun
410 1039 482 1094 potes
498 1027 544 1078 else
562 1046 638 1081 novo.

163 1138 809 1212 &affl—5>

235 1259 580 1326 EPISTOLA
630 1257 740 1322 XII.

177 1457 180 1470 Ι
274 1383 677 1453 numento.

101 1471 227 1632 Qvo
244 1538 320 1591 minuis
337 1540 361 1590 in
376 1538 461 1591 nostris
476 1539 593 1606 ponatis,
612 1542 706 1600 amice,
725 1541 829 1600 libellis,

72 1644 77 1647 -
174 1613 285 1671 Nominis
302 1613 407 1665 efficitur
423 1613 564 1665 conditione
580 1615 627 1665 tui.

99 1685 143 1737 Ast
158 1704 206 1756 ego
222 1687 273 1738 noll
287 1689 361 1738 alium
376 1685 442 1753 prinis
456 1688 505 1738 hoc
521 1687 633 1756 dignarer
646 1689 740 1738 honore
754 1705 763 1746 ;

137 1759 177 1810 Est
191 1761 276 1828 aliquia
291 1760 395 1811 nostrum
411 1761 432 1811 si
450 1759 523 1812 modu
539 1778 635 1811 carmen
649 1763 737 1810 honos.

98 1833 152 1885 Lex
168 1833 237 1901 pedis
253 1832 354 1895 officio,
369 1847 501 1902 naturaque
517 1835 637 1895 nominis,
656 1833 768 1887 obstant:
839 1849 851 1897 5

136 1907 242 1975 Quique
257 1926 325 1959 meos
341 1908 430 1968 adeas,
448 1908 481 1957 est
493 1908 533 1958 via
547 1910 631 1967 nulla,
648 1908 744 1959 modos.

97 1982 163 2033 Nam
179 1982 294 2047 pudet‘in
309 1982 418 2050 geminos
434 1982 468 2031 ita
482 1998 571 2031 nornen
587 1980 679 2032 findere
695 1981 797 2043 versus,

116 2054 241 2118 ==Desinat
258 2067 285 2105 ut
301 2055 368 2121 prior
383 2056 450 2113 hoc,
467 2054 614 2123 incipiatque
630 2058 716 2105 minor.

98 2128 132 2179 Et
148 2128 256 2194 pudeat,
269 2128 290 2178 si
304 2140 330 2178 te
343 2160 352 2186 ,
365 2127 411 2195 qui
427 2128 516 2194 syllaba
534 2140 601 2194 parte
617 2141 745 2188 motatur,

135 2199 231 2252 Atilius
245 2203 383 2268 appellem,
400 2200 594 2267 Tuticanumque
611 2216 708 2251 vocem.
822 2213 854 2250 10

98 2276 153 2325 Nec
167 2285 240 2341 potes
255 2275 280 2325 in
294 2274 388 2325 versum
404 2274 519 2324 Tuticani
535 2289 602 2323 more
615 2275 720 2333 venire,

136 2348 189 2397 Fiat
203 2361 259 2399 ute
276 2349 348 2417 longa
363 2347 452 2415 syllaba
467 2348 544 2413 prima
558 2346 647 2397 brevis.

99 2421 151 2471 Aut
165 2421 332 2487 producatur,
352 2438 405 2487 quae
419 2437 483 2471 nunc
501 2419 634 2487 correptius
649 2418 698 2470 exit
710 2436 720 2479 ς
787 2430 791 2443 ’

137 2494 169 2545 Et
182 2495 213 2544 sit
229 2494 339 2561 porcelli
352 2496 426 2561 longa
442 2494 544 2543 secunda
559 2494 635 2545 mori.
693 2526 696 2531 -

100 2567 147 2619 tlis
167 2584 214 2634 ego
231 2569 251 2617 si
267 2569 332 2617 vitiis
348 2568 423 2617 ausim
440 2582 595 2633 corrumpere
614 2582 724 2627 nomen,
820 2578 850 2628 15

136 2640 246 2699 Rideat,
264 2640 290 2692 &
307 2640 395 2691 meriti)
409 2639 492 2707 petius
509 2642 598 2690 habere
614 2658 698 2708 neget.

100 2714 162 2764 Haec
178 2714 237 2763 mihi
252 2714 320 2764 causa
336 2714 382 2764 fuit
398 2713 466 2765 dilati
483 2714 587 2783 munpris
603 2713 693 2779 hujus,

139 2786 215 2852 Quod
230 2804 314 2843 meus,
332 2786 427 2851 adjecto
442 2786 543 2845 fenore',
559 2787 645 2836 reddet
659 2798 726 2854 ager.

78 2897 80 2902 ·
99 2861 189 2927 Teque
200 2877 282 2909 canam
293 2878 442 2928 quacumque
452 2857 511 2909 noti
523 2876 530 2909 t
543 2860 586 2909 tibi
599 2860 700 2909 carmina
710 2857 801 2909 mittam
813 2891 821 2918 ,

136 2932 211 2986 Paene
228 2934 285 2983 mihi
302 2951 379 2999 puero
396 2934 495 3003 cognite
511 2950 579 2999 paene
595 2950 663 3001 puer.
821 2948 855 2983 20
896 2998 898 3001 Ι

164 3007 249 3060 Tamus
267 3006 332 3060 III.
