1975 3700
124 275 265 341 Error.
291 285 356 338 aar
383 271 528 337 Pouro
553 267 593 338 L.
621 269 680 340 Il.
710 288 786 363 307

64 393 127 442 Nec
143 390 228 440 dubito
243 389 301 457 quin
315 389 367 440 sit:
382 388 422 438 sed
436 403 475 438 rue
490 389 565 438 timor
580 388 630 454 ipse
647 390 764 439 malorum
798 403 808 450 ς

108 465 183 530 ὃιρε
196 463 359 531 supervacuos
375 463 441 530 cogit
456 464 547 511 babere
562 473 651 512 metus.

67 538 114 587 Da
131 537 246 595 veniam,
263 536 362 603 queso,
383 537 506 602 nimioque
521 534 621 602 ignosce
636 535 727 586 timori.

107 609 264 676 Tranquillas
278 610 353 659 etiam
368 609 498 676 naufragus
510 609 596 658 horret
611 623 696 675 aquas.

67 682 126 748 Qui
137 683 214 733 semel
229 682 262 734 est
276 682 344 733 lesus
359 683 439 732 saliari
453 681 523 749 piscis
539 683 569 731 ab
583 683 675 740 hamo,

109 756 232 806 Omnibus
248 771 311 808 unca
326 755 385 806 cibis
402 773 449 806 reru
465 753 555 805 subesse
570 765 650 820 putat.
800 766 832 802 ro

67 831 144 896 Saepe
162 845 246 879 canem
261 827 335 897 longe
350 828 425 879 visum
442 829 506 896 fugit
519 843 600 895 agna,
618 829 748 894 lupumque

109 902 218 962 Credit3
238 903 264 954 δι
278 903 326 968 ipsa
340 901 405 951 suam
422 903 502 952 nescia
516 901 577 950 vitat
593 917 676 968 opem.

67 977 189 1028 Membra
203 973 361 1028 reformidant
374 977 474 1024 mollem
486 990 584 1041 quoque
598 974 676 1024 saucia
682 973 778 1048 &sium
791 990 797 1022 :

109 1050 232 1116 Vanaque
246 1049 345 1099 solicitis
361 1049 447 1098 incutit
462 1050 544 1097 umbra
559 1060 660 1097 metum.

69 1123 114 1174 Sic
131 1139 180 1190 ego
196 1123 309 1173 Fortuna
325 1123 382 1172 telis
399 1119 508 1172 confixus
524 1121 631 1186 iniquis,
801 1135 830 1181 15

111 1194 215 1247 Pesiore
230 1196 343 1262 concipio
359 1195 411 1253 nil,
429 1195 474 1244 nisi
490 1193 574 1251 triste,
591 1209 657 1243 meo.

69 1270 128 1322 Jam
143 1269 200 1318 mihi
214 1269 262 1318 sata
277 1269 371 1334 liquet,
388 1280 482 1332 coeptos
492 1268 618 1317 servantia
634 1266 735 1325 cursus,

111 1341 161 1392 Per
177 1342 223 1392 sibi
239 1342 366 1392 consuetas
381 1341 474 1406 semper
488 1342 552 1389 itura
566 1341 627 1390 vias.

73 1415 217 1467 Observare
232 1415 322 1472 Deos,
340 1431 371 1464 ne
387 1415 444 1480 quid
458 1413 516 1462 mibi
531 1413 602 1463 cedar
617 1410 715 1470 emicet

111 1488 246 1555 Verbaque
262 1489 380 1538 Fortunae.
389 1488 430 1538 vix
445 1498 507 1552 puto
520 1486 586 1551 posse
602 1486 663 1535 dari.
799 1497 833 1532 20

73 1560 115 1612 Est
129 1561 165 1610 illi
179 1577 244 1612 curae
259 1577 297 1612 me
312 1561 416 1627 perdere
428 1577 436 1620 3
454 1577 555 1626 quaque
572 1559 665 1608 solebat

112 1633 166 1684 Esse
181 1635 262 1691 levit,
282 1633 389 1684 conflans
407 1635 432 1684 δι
449 1635 513 1682 bene
527 1645 595 1681 certa
609 1641 696 1683 nocet·

74 1707 159 1758 Crede
174 1707 251 1767 milti,
267 1709 288 1757 si
303 1708 353 1756 snm
365 1707 417 1756 veri
430 1707 474 1755 tibi
489 1707 601 1772 cognitus
617 1705 685 1763 oris,

111 1781 167 1831 Nec
183 1781 247 1830 fraus
261 1781 286 1828 in
300 1779 384 1830 nollria
399 1780 491 1828 casibus
509 1777 556 1827 elle
570 1777 668 1843 potesi3

74 1854 205 1922 Cinyphia.
221 1855 309 1922 segetis
325 1852 396 1903 cititit
411 1853 546 1901 numerabis
562 1852 663 1908 aristas,
797 1861 830 1910 25

111 1930 218 1994 Altaque
233 1932 303 1993 quim
320 1927 400 1976 multis
415 1926 503 1975 floreat
519 1925 600 1991 Hybla
614 1921 722 1991 thymis:

74 2001 107 2051 Et
124 2013 186 2068 quot
201 2018 258 2050 aves
275 1995 347 2049 motis
361 1998 466 2047 nitentur
481 1998 506 2047 ln
520 1999 574 2048 a‘e'ra
591 1998 696 2062 pennis;

112 2072 231 2139 Quotque
247 2084 330 2123 natent
347 2072 423 2137 pisces
439 2086 558 2136 equore,
576 2082 658 2119 certru
674 2069 720 2119 eris
733 2084 741 2119 t

76 2146 159 2211 Quam
174 2148 218 2196 tibi
233 2144 366 2197 noslrorum
380 2144 493 2195 statuatur
508 2144 595 2193 summa
612 2145 740 2200 laborum,

113 2220 185 2283 Quos
201 2237 248 2287 ego
265 2220 314 2269 sum
329 2218 412 2274 terri,
431 2234 491 2285 quos
507 2233 555 2283 ego
572 2214 648 2281 passus
663 2214 736 2279 aqui.
797 2223 832 2277 3ο

76 2294 151 2342 Nulla
169 2293 241 2345 Getis
257 2305 313 2343 toto
330 2308 389 2359 gens
406 2291 439 2341 eli
454 2290 616 2341 truculentior
631 2289 712 2338 orbe:

113 2366 164 2415 Sed
179 2379 260 2416 tamen
276 2366 300 2415 hi
315 2364 398 2415 nolitis
415 2364 556 2431 ingemuere
572 2362 649 2411 malis.

78 2438 140 2502 Quae
156 2439 200 2489 tibi
216 2440 236 2489 si
253 2439 354 2489 memori
370 2454 445 2488 coner
460 2436 609 2502 perscribere
623 2433 713 2490 versu,

113 2512 170 2561 Ilias
187 2513 220 2562 est
235 2513 289 2562 satis
303 2513 375 2580 longa
392 2512 472 2561 sutura
486 2509 555 2558 meis.

78 2586 135 2635 Non
151 2586 224 2653 igitur
240 2600 346 2643 vereor,
362 2585 426 2650 quod
441 2594 468 2632 te
484 2598 539 2631 rear
552 2580 600 2631 esse
615 2578 769 2638 verendum,
798 2587 830 2639 35

116 2656 195 2719 Cujus
211 2675 277 2708 amor
291 2659 360 2708 nobis
376 2658 475 2725 pignora
491 2656 556 2704 mille
571 2654 638 2703 dedit
651 2669 658 2702 t

77 2731 127 2781 Serl
139 2732 193 2796 quia
210 2745 249 2782 res
260 2732 341 2781 timida
353 2730 386 2780 ell
402 2730 479 2779 omnis
489 2728 558 2777 miser
570 2744 579 2785 ς
598 2725 689 2792 &quia
705 2725 780 2791 longo

114 2806 240 2871 Tempore
256 2805 345 2855 laetitiae
360 2803 431 2869 janua
446 2801 524 2852 clausa
538 2816 598 2849 meae
613 2799 654 2848 esi.

76 2878 129 2932 Jam
145 2877 217 2927 dolor
232 2878 256 2927 in
273 2894 364 2928 morem
377 2878 448 2926 'venit
461 2890 530 2924 meus
543 2889 550 2924 ε
565 2885 640 2939 utque
656 2870 753 2923 caducis

114 2950 229 3004 Percuffu
246 2953 332 3004 crebro
347 2951 401 3003 saxa
418 2960 534 3002 cavantur
549 2947 639 3015 aquira
797 2957 833 3003 40
