1975 3700
152 272 297 343 Errsr.
322 289 382 341 ax
404 277 550 341 Porro
575 271 615 342 L.
641 272 663 340 Ι
672 277 713 343 V.
742 275 816 368 367

105 390 187 458 Qudm
196 403 238 442 tua
248 389 373 440 Trinacria
382 389 430 450 est,
439 404 589 460 regnataque
599 404 664 442 terra
675 391 785 462 Phiiippo
798 429 805 454 ,
829 411 837 446 r
847 410 858 457 5

143 463 224 528 Qudm
241 465 325 514 domus
339 463 447 531 Augusto
466 466 606 515 continuata
620 467 705 526 For0;

103 536 187 602 Quam
202 550 243 588 tut
254 571 263 597 ,
276 554 316 587 rus
328 539 404 587 oculis
416 537 527 597 domini,
543 537 674 606 Campania
686 573 693 598 ‚
708 555 801 608 gratum
815 577 823 602 ‚

142 610 253 680 Quaeque
266 611 348 662 relicta
362 612 426 670 tibi,
445 612 541 671 Sexte,
561 614 602 662 vel
619 624 682 662 emta
697 626 767 664 tenes
782 632 789 666 ι
814 660 819 670 ,

103 683 168 734 Tam
183 697 239 736 tuus
254 701 286 734 en
302 700 350 752 ego
365 684 435 735 sum:
452 684 522 751 cujus
538 698 564 735 te
580 702 679 736 munere
695 687 753 737 tristi

142 757 201 807 Non
216 769 288 823 potes
303 758 327 807 in
344 757 424 808 Ponto
441 758 523 808 dicere
539 759 629 814 habere
647 760 715 810 nihil.
828 778 861 812 20

104 830 189 896 Atque
204 831 294 881 utinam
308 831 387 896 possis
400 830 407 879 i
422 832 448 882 &
464 831 535 881 detur
550 832 648 882 amicius
666 849 748 884 arvum
763 833 769 884 ἱ

141 903 250 970 Remque
266 917 332 953 tuam
349 920 425 970 ponas
441 905 467 954 in
481 905 583 954 meliore
601 905 678 955 loco!

104 975 183 1042 Quod
198 977 310 1043 quoniam
323 977 348 1026 in
363 976 410 1027 Dis
428 975 479 1036 est,
497 989 566 1028 tenta
581 979 657 1028 lenire
674 979 795 1046 precando

142 1051 263 1108 Numina.
281 1049 469 1116 perpetuique
486 1051 578 1116 pietate
595 1051 664 1102 colis.

103 1121 200 1174 Erroris
216 1139 271 1172 nam
287 1135 335 1184 tu,
351 1124 394 1173 vix
408 1123 443 1172 est
461 1123 614 1184 decernere,
634 1121 707 1176 nosiri
828 1139 843 1176 2
848 1141 860 1188 5

142 1195 180 1246 Sis
196 1208 362 1264 argumentum
375 1195 473 1262 majus,
489 1213 520 1246 an
536 1197 660 1248 auxilium.

103 1269 160 1320 Nec
178 1268 288 1320 dubitans
305 1285 351 1319 oro
365 1285 373 1320 r
388 1270 430 1320 sed
444 1269 542 1320 flumine
558 1270 619 1336 saepe
638 1269 744 1321 secundo
848 1297 858 1306 ι

143 1341 254 1410 Augetur
271 1343 343 1393 remis
359 1342 440 1393 cursus
457 1342 537 1394 euntis
554 1359 631 1410 tquae.

103 1415 138 1466 Et
148 1416 225 1481 pudet
237 1449 245 1474 ‚
264 1415 292 1468 dt
302 1429 386 1467 metuo
397 1449 406 1476 ,
424 1416 564 1484 semperque
575 1417 708 1483 eademque
719 1417 813 1484 precari
826 1435 834 1476 ;

141 1489 182 1540 Ne
196 1489 296 1541 subeant
311 1490 391 1540 animo
407 1488 554 1557 taedia·jusia
571 1502 624 1542 nro.
828 1503 862 1556 30

104 1560 201 1614 Vertim
217 1563 275 1628 quid
290 1561 397 1613 faciam?
414 1579 454 1612 res
469 1563 625 1614 immoderata
640 1563 729 1630 cupido
746 1561 788 1614 esi.

95 1643 99 1648 ‘
143 1636 185 1686 Da
198 1637 297 1690 veniam
307 1637 384 1696 vitio,
404 1636 467 1688 mitis
483 1637 579 1697 amice,
596 1651 663 1686 meo.

103 1708 216 1760 Scribere
231 1709 294 1777 saepe
310 1709 374 1759 aliud
392 1709 491 1774 cupiens
507 1709 606 1760 delabor
620 1709 730 1763 eddem=
829 1771 832 1775 ,

101 1810 104 1813 -
142 1782 194 1846 ipsa
210 1784 291 1833 locum
306 1798 351 1848 per
368 1782 391 1832 se
409 1783 478 1832 litera
496 1781 573 1833 nostra
590 1796 668 1851 rogat.

105 1856 156 1907 Seu
169 1856 362 1907 tameneffedius
375 1856 487 1906 habitura
504 1854 536 1906 est
553 1856 647 1924 gratia,
667 1857 707 1906 seu
724 1873 763 1909 me
827 1870 842 1923 3
848 1868 860 1922 5

142 1928 212 1981 Dura
229 1929 298 1995 jubet
315 1929 395 1997 gelido
409 1926 483 1978 Parca
500 1929 541 1984 sub
556 1946 601 1983 axe
616 1930 696 1980 mori:

105 2002 207 2069 Semper
221 2002 322 2053 inoblita
336 2015 445 2069 repetam
459 2014 501 2053 tua
518 2016 617 2053 munera
632 2012 734 2065 mente,

48 2111 57 2122 .
143 2076 175 2127 Et
190 2093 244 2126 mea
258 2093 297 2126 me
312 2076 385 2127 tellus
401 2075 484 2125 audiet
502 2074 548 2127 esse
566 2088 644 2127 tuum.

106 2147 239 2201 Audiet&
255 2150 320 2202 corio
335 2150 413 2217 posita
431 2148 465 2199 esi
481 2164 639 2217 quacumque
657 2150 700 2199 sub
716 2150 780 2211 iiio,

142 2222 242 2273 Transit
257 2222 335 2273 nusira
350 2222 416 2272 seros
431 2222 451 2272 si
468 2220 543 2272 modd
561 2220 630 2272 Musa
646 2220 733 2275 Getas.
826 2238 862 2287 40

105 2294 194 2361 Teque
209 2307 276 2347 mee·
287 2295 378 2345 causam
394 2296 590 2362 servatoremque
607 2294 707 2355 salutis,

141 2369 237 2437 Meque
252 2382 320 2421 tuum
335 2367 396 2418 iibri
412 2370 478 2419 norit
492 2368 518 2419 δε
534 2384 582 2419 aere
597 2368 685 2419 minus.

349 2578 640 2890 &giss
