1975 3700
198 259 270 310 110
312 239 354 307 P.
385 237 583 307 Omra
609 237 846 310 Naroma

194 359 334 424 Osculaque
349 357 464 424 applicuit
480 356 562 422 posito
579 355 689 421 suprema
705 359 828 421 seretr03

230 433 312 499 Atque
329 433 382 488 εἰη
402 430 482 480 lnvito
498 429 574 480 stater
588 430 703 489 alente,
722 435 788 482 vale.

193 506 343 570 Arsurosque
361 517 426 554 artus
444 503 533 566 unaita
547 503 650 562 secere,
670 505 735 570 quud
752 508 820 567 ille,

229 579 373 638 Faustulus,
390 579 415 628 δι
432 575 523 627 maestas
538 576 604 625 Acca
621 577 697 626 soluta
713 595 808 631 cumas.

131 651 162 714 85
169 667 181 713 5
194 653 258 702 Tum
275 651 387 716 juvenem
404 653 511 699 nondum
528 649 584 699 faui
597 650 690 700 flevere
701 650 829 714 Quirites.

230 725 322 775 Ultima
338 727 434 790 plorato
451 723 544 773 subdita
559 722 652 772 flamma
668 740 740 791 rogo.

193 799 258 850 Urbs
275 799 350 848 oritur
363 795 373 862 (
385 797 436 862 quis
451 811 509 846 tunc
525 799 574 844 hoc
587 797 631 845 ulli
646 799 749 847 credere
763 799 871 864 posset?
886 804 901 870 )

229 873 354 924 Vislorem
370 871 441 920 terris
458 871 599 935 impositura
615 871 713 934 pedem.
864 901 873 918 .

196 943 288 996 ennea
303 961 391 1012 regas,
410 945 435 994 ἃ
452 943 484 992 sis
500 959 588 1010 magno
604 943 645 992 sub
660 943 756 992 Caesare
773 944 876 1014 semper
889 965 902 1006 ς

133 1016 184 1070 860
232 1021 301 1086 Saepe
315 1020 387 1069 etiam
401 1018 482 1082 plures
499 1017 603 1066 nonrinis
617 1015 690 1081 hujus
706 1018 779 1067 habe.

193 1092 226 1143 Et
242 1094 338 1159 quoties
354 1091 446 1142 steteris
463 1091 556 1140 domito
568 1089 675 1139 sublimis
687 1091 712 1139 in
725 1093 805 1151 orbe,

231 1167 318 1218 Omnia
332 1167 380 1216 sint
394 1165 501 1214 humeris
518 1162 633 1214 inferiora
647 1165 705 1212 tuis.

198 1239 331 1291 DICTA
349 1238 418 1289 Pales
433 1238 503 1288 nobis
516 1253 524 1288 t
536 1238 601 1286 idem
616 1237 711 1287 Vinalia
726 1237 815 1287 dicam.

231 1313 286 1362 Una
302 1325 383 1362 tamen
400 1311 479 1361 media
495 1311 529 1360 cll
545 1313 609 1360 inter
623 1326 748 1377 utramque
763 1312 829 1362 dics.

134 1385 181 1447 865
194 1387 298 1436 Numina
311 1388 424 1454 vulgares
438 1385 544 1438 Veneris
562 1386 685 1434 celebrate
699 1385 797 1449 puellae.

231 1459 311 1510 Multa
325 1457 479 1526 professarum
496 1458 622 1524 quaeslibus
637 1471 692 1523 apra
707 1457 806 1508 Venus.

195 1531 290 1583 Poscite
306 1547 360 1584 ture
379 1533 436 1582 dato
452 1533 571 1589 sormam,
590 1533 723 1596 populique
737 1531 878 1592 savorem

232 1607 487 1662 Posciteblanditias,
506 1605 624 1672 dignaque
638 1605 712 1653 verba
729 1602 797 1667 joco.

196 1679 305 1747 Cumque
323 1681 361 1730 sui
377 1680 478 1729 dominae
493 1678 549 1728 date
564 1691 631 1745 grata
647 1677 770 1744 sisymbria
785 1690 898 1746 myrto,

135 1750 186 1816 870
233 1755 361 1821 Terraque
379 1751 512 1818 composita
529 1751 616 1815 juncea
631 1751 710 1801 vincla
727 1749 791 1800 rosi.

195 1827 297 1894 Templa
315 1827 463 1895 frequentari
479 1825 581 1876 Collinae
599 1825 709 1890 proxima
724 1833 805 1891 porte

229 1904 301 1953 Nunc
317 1902 389 1951 decet
403 1917 434 1951 :a
449 1901 531 1949 Siculo
547 1900 642 1949 nomina
658 1899 722 1948 colle
737 1910 837 1950 tenent.

194 1974 278 2040 thue
295 1974 421 2043 Syracusas
437 1973 595 2025 Arethusidas
609 1972 703 2022 abslulit
716 1973 788 2021 armis

232 2046 368 2106 Claudius,
386 2048 411 2097 ὃ(
426 2048 491 2097 bello
507 2059 532 2097 te
547 2062 643 2113 quoque
661 2046 745 2110 cepit,
763 2045 856 2113 Ery13

133 2116 184 2185 875
199 2118 310 2171 Carmine
326 2120 416 2172 vivacis
431 2120 517 2171 Venus
533 2120 567 2169 esl
580 2117 691 2169 translata
706 2120 827 2187 sibylla,

233 2196 308 2261 Inque
325 2196 371 2245 suae
389 2194 466 2261 sllrpis'
482 2186 566 2243 maluit
580 2194 641 2243 urbe
657 2194 714 2242 coli.

196 2265 249 2319 Cur
263 2270 337 2337 igitur
353 2268 457 2319 Veneris
473 2266 557 2319 sellum
573 2266 670 2317 Vinalia
686 2266 786 2323 dicant,

231 2342 364 2406 Quaeritis;
384 2342 409 2391 ὃ(
425 2356 499 2407 quare
516 2341 549 2389 sit
565 2339 633 2393 Jovis
648 2340 688 2389 ista
703 2338 779 2389 dies?

194 2414 310 2475 Turnus,
329 2432 359 2466 an
374 2412 463 2465 AEneas
476 2413 553 2466 Lariae
568 2429 644 2481 gener
658 2412 717 2465 esset
732 2412 849 2473 Amata,

133 2486 184 2538 880
232 2488 325 2539 Bellum
342 2500 403 2539 erat.
417 2486 549 2538 Hetruscas
560 2488 659 2537 Turnus
676 2488 776 2552 adoptat
789 2504 866 2553 opes.

189 2560 281 2612 ¹Clarus
299 2574 372 2620 erat,
392 2561 519 2627 sumtisque
535 2562 605 2611 serox
621 2562 761 2609 Mezentius
778 2561 879 2621 arm153

231 2635 262 2684 Et
276 2637 316 2684 vel
333 2651 397 2701 equo
411 2652 529 2703 magnus,
546 2636 586 2683 vel
602 2635 664 2701 pede
680 2633 758 2700 major
771 2646 834 2683 erat.

195 2709 275 2775 Quem
290 2708 375 2759 Rutuli
389 2708 535 2774 Turnusque
550 2708 596 2757 suis
612 2706 744 2756 adsciscere
758 2718 858 2757 tentant

231 2782 339 2833 Partibus
351 2800 358 2833 t
372 2783 424 2832 haec
439 2794 522 2833 contra
538 2781 586 2830 dux
601 2782 634 2830 ita
646 2780 740 2829 Tuscus
757 2781 799 2829 ait.

133 2856 182 2927 835
197 2857 251 2910 Stat
267 2858 323 2906 mihi
338 2875 386 2907 non
404 2850 479 2921 parvo
492 2854 569 2903 virtus
584 2870 635 2903 mea
650 2856 770 2903 :vulnera
785 2851 862 2905 restes
872 2889 885 2916 ,

230 2930 372 2998 Armaque,
390 2946 443 2996 que
458 2926 533 2995 sparsi
546 2927 658 2995 sangnine
673 2927 736 2995 sape
752 2942 822 2979 meo.

967 278 970 365 ι
