1975 3700
92 263 95 267 ’
161 252 463 320 Fastorum
490 249 600 316 Lau.
626 249 696 321 IV.
729 269 805 344 107

89 370 196 437 Libaque
213 372 243 420 de
257 370 323 420 milio
339 369 398 418 anilii
414 367 504 418 fiscella
521 367 655 433 sequatur}

127 443 222 494 Rustica
235 443 356 510 precipue
372 460 421 508 quo
435 443 490 492 Dea
506 442 562 492 leta
575 442 632 492 cibo
647 441 692 493 est.

90 517 161 567 Adde
172 519 246 583 dapes
255 518 425 583 muldrarnque
437 516 488 566 suas
501 531 509 566 a
520 516 668 582 dapibusque
678 517 791 577 resedit,
810 533 863 584 745
949 561 953 570 ,

127 591 266 640 silvicolam
280 590 365 656 tepido
378 590 438 639 lade
454 605 555 656 precare
570 588 654 640 Palen.

91 663 197 714 Consule
208 697 217 722 ‚
231 665 288 723 dic,
306 665 389 730 pecori
405 665 516 730 pariter,
532 664 679 731 pecorisque
689 665 823 734 magistrisr

129 737 233 806 Effiagiat
249 737 343 788 iiabuiie
360 754 423 788 noxa
434 737 530 802 repulsa
544 738 616 786 meis.
666 755 670 762 ·

90 811 148 860 Sive
163 812 230 862 sacro
245 814 319 878 pavi,
342 811 422 862 sedive
437 811 479 860 sub
494 811 581 859 arbore
596 810 682 870 sacri,

127 883 264 950 Pabulaque
280 901 294 934 e
310 883 382 935 bustis
399 883 473 933 inscia
488 884 577 948 carpsit
593 886 668 941 ovit3
810 900 864 951 750

91 957 142 1007 Seu
159 975 242 1008 nemus
260 958 347 1008 intravi
363 957 484 1014 vetitum,
501 953 617 1006 nostrisve
631 957 720 1024 fugatae

127 1032 188 1081 Sunt
206 1033 284 1082 oculis
296 1031 433 1099 Nymphae,
451 1029 613 1095 seanicaperve
622 1031 712 1090 Deus;

91 1104 142 1154 Seu
157 1121 210 1155 mea
222 1105 272 1155 falx
288 1121 355 1154 ramo
371 1107 451 1156 lucum
467 1103 577 1170 spoliavit
592 1119 693 1170 ορεεο,

129 1179 201 1228 Unde
217 1180 272 1230 data
286 1177 320 1229 est
335 1193 405 1246 aegrae
421 1176 505 1227 fiscina
521 1177 613 1227 frondis
629 1178 693 1236 ovi3

90 1251 130 1302 Da
146 1250 241 1302 veniam
256 1255 350 1318 culpaea
366 1268 430 1308 nec,
449 1252 506 1300 dum
518 1251 693 1319 degrandinat,
708 1249 775 1303 obsit
810 1267 863 1318 755
922 1299 926 1305 ,

128 1326 222 1393 Agresti
238 1327 295 1376 fano
312 1323 454 1392 supposuiiie
471 1341 556 1391 pecus.

92 1398 147 1448 Nec
157 1411 253 1450 ¹noceat
265 1399 370 1452 turbasse
385 1401 451 1449 lacus
463 1415 471 1450 ε
483 1399 601 1467 ignoscite
617 1399 757 1466 Nympbae‚

129 1471 190 1523 Lota
207 1473 272 1540 quod
287 1475 399 1522 obiturae
416 1473 504 1540 ungula
520 1473 581 1521 fecit
596 1489 678 1538 aquas.
767 1536 769 1539 Ι

91 1544 151 1604 Tu,
168 1548 241 1606 Dea,
260 1563 304 1614 pro
319 1547 387 1595 nobis
403 1545 492 1596 Fontes
507 1545 655 1612 fontanaque
669 1546 739 1610 placa

128 1621 253 1678 Numina;
270 1633 297 1670 tu
312 1619 401 1684 sparsos
418 1635 463 1684 per
477 1635 561 1668 nemus
577 1635 650 1668 omne
664 1619 745 1668 Deos.
811 1618 866 1684 760

89 1692 147 1742 Nec
162 1693 296 1760 Dryadas,
313 1709 359 1742 nec
376 1707 420 1741 nos
437 1692 561 1742 rideamus
576 1692 643 1740 labra
658 1691 766 1750 Dianam

129 1768 183 1817 Nec
199 1766 325 1824 Faunum,
344 1765 424 1814 medio
440 1763 493 1814 crint
507 1765 596 1829 premit
609 1781 667 1814 arva
680 1764 730 1814 die.

91 1839 160 1891 Pelle
170 1835 257 1908 procul
267 1841 365 1890 morbos
378 1855 385 1889 a
397 1840 493 1889 valeant
503 1836 661 1906 hominesque
671 1854 806 1907 gregesque
818 1856 827 1897 ς

128 1916 160 1964 Et
177 1916 274 1966 valeant
288 1914 392 1983 vigiles.
409 1913 509 1979 provida
522 1914 613 1971 turba,
631 1929 713 1963 canes.

92 1990 164 2039 Neve
175 1989 253 2039 minua
265 1990 341 2038 multo
352 1988 457 2055 redigam
470 2020 477 2045 ,
492 1989 562 2053 quarn
575 2003 645 2036 mane
656 1987 775 2045 fuerunt5
813 1985 865 2050 765

130 2064 200 2111 Neve
218 2080 311 2131 gemam
329 2062 437 2112 referens
452 2062 545 2111 vellera
557 2073 626 2126 rapta
641 2062 709 2125 iupo-

92 2134 163 2186 absit
178 2137 257 2203 iniqua
273 2137 347 2186 iamet
359 2152 367 2184 t
379 2134 478 2192 herbae,
494 2134 642 2200 frondesque
655 2133 795 2199 supersint3

132 2209 244 2275 Quaeque
259 2211 342 2259 iavent
356 2222 439 2266 artua,
457 2223 560 2272 quaeque
576 2207 705 2264 bibantur,
724 2224 803 2273 aquae.

92 2282 175 2332 Ubera
191 2285 262 2349 piena
276 2298 381 2347 premam
393 2298 400 2329 a
413 2280 505 2332 referat
518 2279 577 2329 mihi
592 2279 674 2328 caseon
687 2296 754 2339 επις

130 2356 248 2421 Dentque
263 2357 325 2404 viam
342 2354 432 2422 liquido
446 2354 534 2402 vimina
550 2370 602 2402 rara
618 2353 682 2402 sero.
804 2367 870 2416 ¹770

95 2429 180 2493 Sitque
195 2429 257 2477 salax
273 2430 334 2479 aries
349 2446 356 2485 ς
374 2440 543 2494 conceptaque
559 2427 646 2476 semina
663 2424 754 2489 conjux

133 2501 248 2559 Reddatr
266 2504 289 2553 bt
305 2504 328 2551 in
345 2502 436 2551 stabulo
452 2503 525 2550 muita
540 2499 572 2550 sit
586 2518 647 2568 agna
662 2516 728 2551 tneo.

95 2574 209 2639 lanaque
223 2576 369 2640 proveniat,
385 2576 464 2625 nullas
479 2574 561 2623 iaesuta
575 2577 688 2639 puellas,
729 2586 733 2593 ’

134 2647 239 2706 Mollis,
260 2649 286 2699 ἃ
302 2648 332 2697 ad
349 2662 446 2699 teneras
462 2648 593 2714 quamlibet
608 2660 664 2715 apta
680 2664 774 2697 manus.

98 2720 162 2787 Quae
178 2738 284 2786 precor,
302 2720 434 2771 eveniant:
449 2722 473 2771 dt
483 2736 528 2771 noa
538 2721 651 2772 iaciamus
665 2722 697 2771 ad
711 2736 797 2771 annum
816 2731 869 2784 775

136 2794 256 2844 Pastorum
272 2795 373 2844 domine
389 2796 484 2863 grandia
501 2796 549 2844 iiba
564 2794 624 2846 Paii.
675 2838 677 2842 .

97 2867 143 2919 His
159 2868 214 2918 Dea
229 2868 345 2935 placanda
361 2868 394 2918 est
403 2884 411 2928 3
429 2869 480 2919 haec
496 2880 524 2919 tu
540 2868 670 2919 conversus
686 2868 716 2917 ad
730 2859 799 2918 nrtue

134 2942 183 2993 Dic
199 2954 258 3001 ter,
276 2942 301 2995 δι
318 2943 415 2997 invito
429 2944 517 3012 prolue
533 2960 590 2995 rore
604 2959 728 3065 nunant
757 3012 764 3023 .

739 3030 767 3081 Vi
