1975 3700
170 199 488 322 Fastorum
516 253 630 324 ΜΒ.
657 256 687 324 Ι.
738 278 784 350 3¹

73 375 170 440 Proque
183 375 274 431 domo,
288 370 366 439 longis
381 371 497 437 spelunca
503 373 640 424 recessibus
649 373 751 440 ingens,
798 391 828 438 55
836 391 847 437 5
915 423 919 428 ,

112 448 216 506 Abdita,
235 448 275 496 vix
286 447 342 512 ipsis
353 442 498 496 invenienda
508 445 577 496 seris.

78 523 127 573 Ora
138 523 207 586 super
217 519 296 586 postes
307 518 424 584 affixaque
436 520 532 568 brachia
542 519 667 583 pendent,

111 594 269 661 squalidaque
285 593 393 642 humanis
405 593 498 642 ossibus
510 594 576 642 albet
590 596 686 645 humus.

77 667 175 718 Servati
184 667 246 716 male
256 681 324 732 parte
334 668 424 723 boum,
441 665 504 717 Jove
516 679 586 716 natus
595 669 677 718 abibas
688 683 696 718 t

112 735 232 808 Mugi‘turn
243 757 317 790 rauco
328 741 391 789 furta
402 740 491 790 dedere
505 740 575 790 sono·
797 741 849 806 560

76 815 178 879 Accipio
190 830 353 871 revocamen,
371 814 404 862 ait
414 830 423 870 ;
440 829 576 879 vocemque
588 813 703 874 secutus,

114 887 187 952 impia
200 905 244 952 per
256 887 327 936 silvas
342 888 410 935 ultor
421 886 451 936 ad
465 899 533 936 antra
542 889 621 938 venit.

77 962 123 1012 llle
137 961 226 1010 aditum
237 961 303 1009 fratta·
318 959 484 1024 praestruxerat
495 959 576 1023 objice
589 962 698 1019 montis;

38 1082 39 1085 ,
112 1035 162 1084 Vix
175 1034 232 1101 juga
242 1033 368 1083 movissent
379 1032 483 1099 quinque
495 1034 531 1081 bis
543 1034 602 1083 illud
615 1052 686 1085 onus.

76 1108 167 1161 Nititur
179 1108 219 1158 hic
234 1108 355 1165 humeris,
373 1108 459 1155 coelum
470 1123 568 1172 quoque
580 1106 674 1157 sederat
680 1109 729 1158 illis
741 1122 749 1159 ι
801 1108 850 1173 565

111 1181 142 1231 Et
153 1180 242 1232 vastum
252 1193 320 1230 motu
337 1179 504 1230 collabefadat
518 1197 588 1230 onus.

77 1254 152 1320 Quod
162 1255 236 1304 simul
243 1253 351 1304 evulsum
362 1253 411 1312 est,
427 1253 510 1318 sragor
519 1255 611 1303 aethera
621 1256 709 1305 terruit
718 1255 793 1320 ipsum
804 1272 813 1312 ς

113 1329 209 1395 illaque
223 1328 326 1377 subsedit
340 1327 450 1392 pondere
463 1327 533 1375 molis
540 1328 639 1377 humus.

55 1440 58 1445 .
76 1400 154 1452 Prima
165 1415 248 1450 movet
260 1401 340 1450 Cacus
352 1401 441 1450 collati
454 1400 538 1464 proelia
549 1400 653 1459 dextr53

112 1475 221 1542 Remque
236 1476 307 1524 ferox
318 1473 378 1524 saxis
389 1473 554 1539 stipitibusque
569 1475 642 1541 gerit.
800 1489 850 1538 570

77 1546 140 1612 Quis
150 1550 191 1597 ubi
205 1550 239 1597 nil
249 1549 327 1615 agitur
338 1565 347 1605 ;
365 1548 452 1613 patrias
462 1546 524 1596 mate
535 1548 607 1596 sortis
618 1547 649 1596 ad
658 1559 723 1598 artes

114 1621 249 1688 Confugit,
268 1623 293 1671 ὃι
308 1621 412 1670 llanunas
427 1637 470 1670 ore
481 1621 583 1670 sonante
594 1621 681 1670 vomit.
721 1622 723 1628 '

76 1694 146 1760 Quas
155 1696 252 1760 quoties
266 1694 371 1758 proflat,
388 1693 475 1758 spirare
486 1693 599 1757 Tiphoeia
611 1694 696 1744 credas
708 1725 716 1752 ‚

112 1767 145 1816 Et
159 1768 268 1834 rapidum
278 1765 378 1815 AEtnaeo
389 1767 472 1832 sulgur
481 1767 511 1814 ab
525 1767 581 1832 igne
593 1766 650 1829 jaci.

76 1840 193 1908 Occupat
203 1839 320 1898 Alcides,
338 1839 485 1905 addullaque
497 1840 564 1888 clava
574 1839 677 1891 trinodis
788 1854 830 1904 67
836 1856 848 1902 5

113 1914 165 1965 Ter
175 1927 260 1981 quater
274 1914 369 1963 adversi
379 1913 455 1962 sedit'
449 1929 475 1961 tn
490 1929 534 1961 ore
545 1913 599 1963 viri.

74 1989 121 2041 llle
134 1988 197 2037 cadit
209 1988 367 2054 ,mixtosque
378 1987 455 2036 vomit
470 2002 524 2034 curn
535 1985 648 2053 sanguine
659 1962 758 2045 sumos;

113 2062 145 2111 Et
156 2064 206 2111 lato
221 2062 326 2111 moriens
339 2061 438 2127 pedore
453 2060 547 2126 plangit
560 2061 668 2111 humum.

75 2136 188 2186 immolat
196 2152 229 2184 ex
241 2136 286 2184 illis
297 2148 392 2184 taurum
402 2134 446 2183 tibi
457 2132 470 2183 J
473 2146 571 2197 upprter
582 2150 656 2182 unum

111 2208 216 2266 vitun,
234 2208 260 2258 δι
271 2208 408 2257 Evandrum
419 2207 585 2272 ruricolasque
595 2218 678 2256 vocat.
797 2205 849 2268 580

75 2280 255 2347 constituitque
270 2281 315 2330 sibi
327 2315 335 2338 ,
351 2298 404 2346 quae
416 2279 641 2337 Maxima‘dicitur,
660 2296 741 2337 aram,

112 2354 160 2404 Hic
175 2356 217 2403 ubi
229 2371 282 2419 pars
295 2354 369 2403 Urbis
382 2354 487 2415 debore
500 2370 590 2403 nomen
604 2354 687 2402 habet.
709 2378 715 2389 ·

74 2428 131 2478 Nec
141 2440 208 2477 tacet
219 2428 323 2477 Evandri
336 2440 430 2485 mater,
447 2443 525 2492 prope
539 2439 634 2493 tempus
644 2423 740 2485 adesse,

112 2500 221 2550 Hercule
234 2517 282 2568 quo
292 2502 364 2551 tellus
376 2501 407 2551 sit
418 2500 473 2550 satis
484 2500 524 2549 usa
536 2500 588 2549 suo.

73 2572 110 2625 At
124 2573 182 2623 felix
191 2587 279 2632 vates,
297 2588 324 2623 ut
335 2571 381 2625 Dls
397 2574 530 2640 gratissima
542 2575 618 2632 vixit,
799 2571 829 2635 58
836 2586 847 2633 5

113 2646 224 2697 Possidet
239 2648 304 2696 hunc
313 2647 368 2698 Jani
380 2648 415 2697 sic
426 2646 481 2705 Dea
495 2647 576 2696 mense
583 2648 659 2695 diem.

72 2720 119 2771 ID
128 2721 137 2769 Ι
145 2721 163 2771 Β
171 2720 218 2771 US
230 2754 237 2777 ‚
257 2721 281 2769 in
292 2721 369 2786 magni
379 2712 456 2769 callus
467 2718 536 2770 Jovis
547 2721 599 2769 tede
609 2719 720 2769 sacerdos
731 2751 740 2778 ‚

112 2794 248 2844 semimaris
255 2793 358 2843 flammis
372 2793 461 2843 viscera
472 2794 531 2843 libat
540 2795 593 2843 ovis
604 2809 623 2843 ι’

72 2866 228 2933 Redditaque
239 2866 360 2917 ellomnis
371 2869 460 2933 populo
472 2867 595 2932 provincia
605 2866 706 2924 nostroe

113 2938 145 2991 Et
157 2952 211 2993 tuus
222 2940 330 3009 Augusto
340 2942 437 2994 nornine
449 2940 526 2995 didus
534 2958 604 2996 aru&
