1975 3700
94 244 115 308 s
152 277 203 327 20
244 255 286 324 P.
316 255 510 328 Ονιυιι
535 257 768 328 ΝΑεοΝιε

152 375 217 425 Tum
227 375 316 441 patitur
326 378 405 426 cultus
412 393 474 444 ager
486 409 494 434 ,
511 375 537 426 8(
547 388 680 426 renovatur
689 390 783 446 matre,

95 443 144 496 160
190 449 251 498 Haec
265 449 321 499 anni
334 449 428 500 novitas
443 449 498 515 jure
507 450 617 499 vocanda
632 449 686 500 fuit.

153 521 304 586 Quaesieram
314 523 395 572 multis
407 537 415 574 t
427 539 476 574 non
488 524 570 572 multis
580 523 622 573 ille
632 537 740 574 moratus
751 557 761 584 ,

192 594 305 646 Contulit
319 596 345 646 in
356 597 438 646 versus
448 597 482 646 sic
498 597 538 645 sua
547 597 624 646 verba
636 596 706 647 duos.

154 668 241 719 Bruma
254 670 312 720 novi
322 670 398 736 prima
408 668 460 728 est,
475 668 614 736 veterisque
625 670 755 721 novissima
765 669 828 723 Solis
840 688 851 723 c

192 741 337 810 Principium
351 743 450 809 capiunt
458 741 564 792 Phoebus
575 742 601 792 &
614 759 690 794 annus
704 744 779 798 idem.

96 811 143 876 165
156 814 211 865 Post
224 833 254 866 ea
263 816 384 875 mirabar,
400 833 444 866 cur
454 833 504 866 non
513 815 566 866 sine
578 815 661 866 litibus
671 816 731 868 effet

191 887 269 940 Prima
283 889 345 942 dies.
363 889 465 940 Causam
476 890 595 957 percipe,
612 889 688 942 Jauus
701 891 748 942 ait.

154 963 277 1030 Tempora
291 963 402 1014 commisi
414 963 537 1014 nascentia
551 965 624 1014 rebus
635 964 735 1031 agendis
745 981 758 1024 3

191 1037 271 1089 Totus
281 1039 310 1088 ab
321 1037 427 1105 auspicio
441 1053 471 1088 ne
484 1038 550 1087 foret
559 1053 635 1087 annus
644 1038 720 1090 iners.

156 1110 268 1179 Quisque
278 1111 330 1162 suas
341 1123 405 1162 artes
417 1111 448 1160 ob
458 1111 523 1161 idem
532 1111 623 1160 delibat
634 1110 729 1179 agendo
738 1127 748 1171 ς

95 1195 145 1247 170
192 1185 246 1235 Nec
257 1185 390 1251 plusquam
404 1183 499 1235 solitum
509 1181 648 1234 testificatur
662 1201 734 1251 opus.

155 1258 219 1308 Mox
229 1274 277 1326 ego
286 1273 295 1316 3
314 1257 382 1314 Cur,
397 1257 506 1323 quamvis
517 1257 621 1308 aliorum
630 1259 725 1308 numina
735 1259 850 1324 placem,

190 1331 271 1391 Jane,
289 1331 334 1381 tibi
348 1331 426 1396 primo
436 1343 490 1381 tura
503 1346 644 1398 merumque
657 1331 733 1382 fero?

155 1405 192 1455 Ut
204 1421 249 1470 per
258 1421 297 1454 me
308 1403 387 1470 possis
399 1404 492 1453 aditum
504 1437 512 1463 ,
531 1404 571 1471 qui
585 1405 666 1454 limina
679 1405 768 1464 servo,

193 1477 232 1528 Ad
243 1477 404 1546 quoscumque
414 1477 488 1530 velim
498 1477 595 1543 prorsus
606 1511 614 1536 ,
631 1478 721 1529 habere
732 1480 816 1532 Deos.

98 1565 126 1614 17
131 1565 144 1614 5
157 1551 192 1602 At
203 1568 246 1602 cur
257 1553 312 1604 laeta
322 1550 371 1602 tuis
386 1550 499 1602 dicuntur
507 1551 583 1602 verba
592 1551 700 1602 kalendis
712 1549 723 1600 i

192 1625 224 1674 Et
238 1625 321 1675 damus
331 1625 453 1684 alternas,
469 1624 668 1691 accipimusque,
683 1625 794 1691 preces?

155 1697 220 1749 Tum
229 1699 299 1750 Deus
307 1699 449 1750 incumbens
460 1699 563 1759 baculo,
575 1715 647 1765 quem
658 1699 744 1749 dextra
753 1701 869 1768 gerebat3

192 1771 282 1824 Omina
292 1772 414 1840 principiis
426 1806 434 1833 ‚
448 1771 544 1840 inquit,
558 1771 632 1823 inefle
642 1772 730 1824 solent.

156 1844 196 1897 Ad
209 1847 309 1913 primam
317 1864 405 1898 vocem
414 1845 508 1897 timidas
519 1845 645 1896 advertitis
654 1863 744 1908 aures5
785 1845 788 1849 ’

98 1918 147 1970 180
195 1920 226 1970 Et
237 1921 310 1972 visam
320 1917 421 1987 primum
432 1918 535 1970 consulit
551 1934 626 1985 augur
640 1935 719 1970 avem.

155 1992 260 2060 Templa
270 2004 354 2060 patent
364 2008 482 2059 auresque
493 1989 575 2041 Deum
587 2008 594 2042 t
609 2008 655 2043 nec
669 1993 751 2062 lingua
762 1992 869 2047 crducas

193 2066 308 2134 Concipit
317 2067 366 2116 ulla
376 2081 462 2132 preces
474 2098 483 2123 ,
500 2064 609 2131 distaque
619 2067 714 2133 pondus
729 2068 827 2119 habent.

154 2139 271 2191 Desierat
285 2140 386 2206 paucis:
399 2155 445 2189 nec
456 2140 530 2207 longa
542 2139 639 2191 silentia
652 2140 721 2201 secia
734 2192 737 2197 .

193 2214 242 2265 Sed
251 2214 322 2283 tetigi
330 2212 412 2264 verbis
421 2212 505 2265 ultima
513 2215 587 2263 verba
597 2213 668 2265 meis.

97 2285 144 2349 185
158 2286 226 2351 Quid
235 2289 288 2339 vult
298 2288 376 2355 palma
387 2288 450 2346 sibi,
469 2286 604 2354 rugosaque
616 2283 718 2337 carica?
733 2286 803 2349 dixi,

194 2360 226 2412 Et
240 2362 295 2411 data
306 2362 346 2411 iub
357 2361 430 2411 niveo
445 2360 546 2411 candida
554 2361 627 2411 mella
636 2360 693 2411 favo
704 2358 715 2410 ὶ

158 2433 240 2486 Omen
251 2468 259 2494 ‚
275 2434 328 2494 ait,
345 2433 414 2485 causa
426 2432 478 2493 est3
492 2445 520 2483 ut
534 2450 575 2485 res
584 2434 653 2499 sapor
665 2434 706 2483 ssle
718 2432 847 2500 sequatur,

193 2507 225 2559 Et
237 2520 338 2576 peragat
351 2519 457 2573 creptum
470 2506 548 2557 dulcis
558 2518 586 2557 ut
596 2522 673 2556 annus
687 2506 743 2557 iter.

157 2582 247 2633 Dulcia
256 2600 299 2633 cur
310 2582 415 2641 dentur,
430 2581 503 2631 video
515 2596 522 2631 τ
534 2579 597 2647 ssipis
606 2577 684 2645 adjice
699 2578 790 2630 causam
801 2613 812 2642 ,

98 2668 148 2720 190
195 2654 251 2707 Pars
263 2656 322 2709 mihi
333 2656 362 2705 de
373 2654 443 2706 Festo
454 2671 485 2705 ne
496 2654 562 2704 labet
572 2653 621 2703 ulla
632 2665 685 2703 tuo.

158 2730 243 2789 Risit;
258 2729 303 2788 δι,
321 2728 346 2780 0
361 2728 366 2778 !
381 2731 451 2796 quim
459 2740 486 2777 te
497 2727 583 2777 fallunt
591 2739 634 2776 tua
648 2726 728 2777 secula
742 2725 749 2777 l
764 2725 843 2791 dixit.

196 2802 247 2869 Qui
262 2802 319 2870 stipe
330 2803 377 2853 mel
389 2800 464 2851 sumti
476 2799 570 2850 dulcius
581 2797 628 2849 esse
640 2812 711 2867 putes
724 2797 735 2848 i

157 2876 209 2933 Vix
221 2893 268 2944 ego
279 2875 383 2927 Saturno
398 2890 540 2941 quemquam
554 2884 670 2939 regnante
681 2873 815 2935 videbun.

197 2948 275 3019 Cujus
289 2966 338 3005 non
351 2948 429 3000 animo
441 2947 520 3000 dulcia
534 2947 600 2999 lucta
614 2945 706 2999 fetent.
