1975 3700
185 204 261 299 362
298 202 341 269 P.
370 200 569 271 Orrnrr
595 197 838 270 Nasonis*

185 321 280 386 Perque
290 332 330 370 tot
339 335 455 370 annorum
466 318 572 374 seriem,
584 331 645 384 quot
655 319 769 372 habemus
781 335 903 390 uterque,

222 395 280 443 Non
291 393 363 451 mihi,
377 397 449 458 qu'arn
458 391 528 442 fratri
538 391 613 442 frater
625 425 633 451 ‚
645 407 724 444 amate
735 394 822 446 mimis.

184 467 227 517 Tu
240 467 318 518 bonus
332 468 443 516 hortator
453 498 470 528 ‚‚
479 477 508 516 tu
523 465 620 532 duxque
635 482 767 534 comesque
784 469 847 521 suissi
855 505 864 530 ,

222 539 285 591 cem
301 557 412 608 regerem
426 539 512 590 teneri
526 539 595 590 frena
609 541 707 590 novella
723 559 806 594 manu.

141 632 174 680 25
188 614 259 680 Saepe
274 623 323 682 ego·
339 613 435 664 correxi
449 612 491 662 sub
507 625 533 662 te
548 612 647 662 censore
663 614 783 666 libellost

222 689 293 753 Saepe
308 687 361 741 tibi
368 685 492 736 admonitu
510 685 572 735 facia
587 686 659 736 litura
674 703 731 737 meo
748 688 805 749 est5

185 761 291 828 Dignam
306 759 419 810 Maeoniis
436 757 561 814 Phaeacida
576 759 684 810 condere
701 760 791 812 chartis

222 832 285 883 clm
301 848 326 885 te
342 833 450 884 Pierides
467 832 620 899 perdocuere
636 845 695 883 tuae.

183 906 234 958 Hic
249 920 340 966 tenor,
356 909 408 958 haec
422 905 492 955 viridi
511 906 642 956 concordia
657 918 739 971 coepta
752 905 857 974 juventi

142 995 176 1046 30
224 980 303 1032 Venit
318 981 349 1029 acl
365 982 476 1030 albentes
493 979 627 1028 illabefacta
642 978 735 1030 comas.

186 1052 251 1118 Quae
264 1053 310 1104 nisi
324 1066 350 1104 te
367 1064 499 1109 moveant,
518 1051 579 1102 duro
595 1052 639 1102 ribi
655 1053 754 1120 periore
770 1053 839 1103 ferro

223 1126 295 1186 Effe,
312 1127 354 1176 vel
369 1125 460 1176 invitto
477 1125 556 1175 clausa
570 1125 713 1182 adamante,
731 1137 827 1192 putem.

186 1201 237 1252 Sed
253 1199 317 1266 priris
333 1200 389 1250 huic
406 1199 487 1248 desint
505 1198 531 1248 δι
547 1199 637 1248 bellum
656 1199 789 1266 &frigora
806 1212 902 1258 terrae,
971 1249 972 1258 ,

223 1273 315 1324 Incisus
332 1273 403 1323 nobie
418 1289 474 1338 quae
491 1271 540 1321 duo
557 1269 649 1322 Pontus
664 1272 760 1331 habet;

143 1359 174 1412 35
188 1347 221 1396 Et
235 1347 333 1414 tepidus
350 1349 461 1404 Boreas,
481 1344 507 1394 δι
521 1344 555 1395 eit
569 1345 720 1414 prefrigidus
735 1344 847 1407 Auster,

222 1419 254 1469 Et
269 1421 348 1486 possit
360 1420 437 1469 fatum
449 1417 547 1468 mollius
563 1417 611 1469 effe
626 1435 706 1468 meum
718 1435 728 1476 ς

186 1493 267 1559 Quam
282 1506 324 1543 tua
340 1493 388 1542 sint
402 1491 468 1559 lapso
482 1491 616 1559 precordia
632 1492 691 1542 dura
704 1491 790 1544 sodali.

222 1567 270 1616 Hic
284 1568 391 1616 cumulus
407 1564 492 1616 nostris
505 1565 568 1616 absit
580 1599 587 1624 ,
604 1564 718 1633 abestque
730 1600 737 1625 ,
758 1565 838 1616 malis.

185 1639 226 1690 Tu
236 1638 310 1691 modo
320 1656 364 1706 per
374 1639 500 1704 Superos,
518 1655 619 1705 quorum
632 1639 779 1690 certissimus
790 1641 834 1690 ille
846 1639 899 1700 est,

61 1746 64 1752 ,
142 1729 178 1776 40
226 1711 285 1776 Quo
301 1725 357 1764 tuus
373 1710 467 1763 assidue
482 1709 595 1778 Principe
609 1713 686 1764 crevit
701 1713 802 1772 honor;

103 1775 112 1794 '
186 1784 284 1845 Effice,
300 1785 417 1837 constanti
432 1785 561 1854 profugum
578 1787 671 1853 pietate
688 1786 802 1842 tuendo,

221 1862 262 1910 Ne
278 1860 371 1928 sperata
385 1876 463 1911 meam
478 1858 572 1909 desinat
588 1876 645 1909 aura
660 1873 745 1911 ratem.

187 1932 255 2000 Quid
264 1934 388 1993 mandem,
398 1932 485 2000 queris
496 1930 507 1981 ἓ
518 1949 630 1997 peream,
643 1933 688 1985 nisi
702 1930 837 1983 dicere'vix
848 1933 903 1994 est3
971 1930 972 1939 ’

224 2007 249 2056 si
264 2005 356 2065 modo,
377 2007 418 2073 qui
434 2005 528 2072 periit,
548 2006 590 2055 ille
606 2007 687 2072 perire
701 2006 788 2071 potest.

143 2096 176 2143 45
189 2081 243 2130 Nec
254 2079 310 2145 quid
319 2096 404 2147 agam,
414 2079 531 2138 invenio,
541 2096 587 2129 nec
599 2078 654 2144 quid
664 2080 770 2131 nolimve
780 2080 901 2131 velintne:

224 2154 278 2203 Nec
294 2153 348 2203 satis
361 2153 451 2203 utilitas
466 2152 500 2201 est
516 2168 569 2201 mea
583 2164 642 2201 nota
656 2152 736 2203 milit*

189 2226 269 2277 Crede
285 2226 343 2275 mihi
355 2243 364 2285 ς
377 2226 475 2277 miseros
490 2224 620 2292 prudentia
635 2226 710 2291 prima
726 2224 864 2291 relinquit:

225 2300 257 2351 Et
272 2295 351 2349 sensus
368 2316 422 2349 cum
435 2314 462 2349 re
479 2292 654 2365 consiliumque
668 2298 741 2367 fugit.

189 2374 242 2440 lpse
253 2408 260 2433 ‚
272 2389 360 2442 precor
371 2405 379 2431 ,
391 2386 485 2440 quaeras
496 2403 504 2429 ,
515 2371 562 2438 qud
572 2370 670 2422 simtibi
680 2384 748 2440 parte
759 2368 881 2437 jurandus
893 2383 901 2421 t

146 2462 179 2511 50
227 2444 333 2514 Quoque
348 2445 411 2499 viam
427 2444 501 2497 facias
517 2444 547 2497 ad
562 2460 617 2497 mea
631 2456 690 2499 vote
704 2444 780 2499 rado.

443 2636 572 2867 “P
