1975 3700
123 229 264 296 ΕΜΓ.
290 243 359 296 rx
382 230 527 295 Porro
552 227 592 298 L.
620 230 688 298 IV.
718 251 791 323 359

73 343 127 394 Hic
146 346 197 413 agri
212 347 337 397 infrendes
353 344 412 398 :hic
429 347 519 412 spicula
535 347 607 398 tiniia
623 349 745 400 venenis:

113 416 163 467 Hic
181 419 245 468 freta
260 422 302 470 vel
318 420 394 486 pediti
410 421 495 486 pervia
510 421 590 471 reddit
604 422 690 472 hiems.

74 492 134 550 Ut,
153 492 200 557 quir
217 510 299 543 remus
314 494 362 544 iter
379 494 454 558 pulsis
470 492 545 544 modd
562 494 656 544 fecerat
672 496 765 556 undis,-

114 561 201 614 Siccus
214 567 338 618 contemti
351 583 415 617 nare
428 566 509 618 viator
522 579 571 617 eat.

75 636 130 700 Qui
147 639 248 690 veniunt
263 639 350 699 illinc,
366 640 408 691 rix
425 657 472 690 vos
487 658 516 692 ea
531 641 633 690 credere
649 641 743 693 dicunt.
799 657 831 709 35

114 709 197 773 Qudm
212 712 283 763 miser
298 713 351 772 eli,
366 713 408 780 qui
421 713 471 763 sert
486 713 605 780 asperiora
620 713 688 764 fidel

75 783 160 834 Crede
177 797 258 835 tamen
269 801 277 838 t
288 803 334 838 nec
352 797 378 836 te
395 787 476 836 causas
491 787 584 836 nescire
600 787 726 844 sinemus,

114 858 223 907 Horrida
239 859 398 911 Sarmaticum
412 877 456 910 cur
471 875 537 910 mare
552 861 623 910 duret
640 861 727 912 hiems.

76 929 193 980 Proxima
206 932 260 982 suut
273 933 344 984 nobis
357 933 453 999 plaustri
469 933 584 982 ducentia
600 933 720 993 sormam,

114 1004 149 1053 Et
165 1021 218 1071 quae
232 1006 380 1072 precipuum
392 1007 473 1056 sidera
487 1006 562 1074 frigus
578 1007 678 1057 habent.
799 1024 834 1071 40

50 1080 52 1085 '
75 1076 145 1126 Hinc
163 1077 240 1129 oritur
254 1077 364 1137 Boreas,
383 1096 482 1144 oraeque
499 1079 641 1130 domesticus
656 1079 712 1130 huic
728 1079 779 1140 est,

43 1207 52 1220 ,
113 1150 148 1198 Et
164 1150 233 1200 sumit
248 1153 314 1202 vires
328 1169 344 1202 a
358 1152 474 1217 propiore
488 1153 557 1204 loco.

75 1222 110 1272 At
127 1225 230 1283 Notus,
244 1225 347 1276 adverso
362 1226 471 1291 tepidum
483 1226 525 1292 qui
540 1224 612 1291 spirat
628 1227 658 1275 ab
675 1242 739 1286 axe,

113 1296 156 1344 Est
172 1299 277 1363 procul,
297 1299 323 1350 δι
341 1315 408 1350 rarus
424 1299 607 1366 languidiorque
623 1298 701 1348 venit.

75 1370 152 1420 Adde
167 1371 233 1436 quod
248 1369 288 1421 hic
306 1372 388 1422 clauso
403 1371 532 1422 miscentur
544 1371 640 1422 flumina
656 1371 756 1432 Ponto,
798 1392 831 1436 45

38 1449 43 1460 '
113 1444 223 1509 Vimque
240 1445 330 1494 fretum
346 1447 425 1496 multo
441 1430 522 1511 plrdit
539 1447 569 1494 ab
584 1461 656 1494 amne
670 1445 744 1496 suam.

73 1516 852 1588 HucLycus,hucSagaris,Peniusque,Hypanisquescrdtesque

115 1589 218 1650 Induit,
235 1591 262 1640 dc
278 1593 366 1641 crebro
380 1593 476 1642 rortice
490 1603 570 1642 tortus
586 1589 682 1658 Halys:

76 1661 271 1730 Partheniusque
288 1681 380 1730 rapax,
399 1666 426 1716 dt
441 1667 543 1715 volvens
561 1664 615 1713 saxa
633 1665 746 1732 Cynapes

116 1735 234 1795 Labitur,
254 1736 280 1788 δι
296 1739 364 1787 nullo
380 1739 473 1788 tardior
489 1753 559 1788 amne
576 1737 665 1804 Tyras.
802 1755 835 1804 50

77 1808 111 1859 Et
130 1820 180 1869 tu,
198 1810 308 1861 femineae
323 1811 482 1863 Thermodon
499 1811 596 1879 cognite
613 1823 719 1870 turmot

42 1877 45 1882 ’
117 1883 150 1933 Et
165 1882 286 1951 quondam
302 1884 403 1951 Grajis,
424 1884 513 1944 Phasi,
530 1884 609 1950 petite
625 1884 692 1934 viris.

78 1956 192 2022 Cumque
208 1956 367 2024 Borysthenio
383 1958 553 2025 liquidissimus
568 1974 637 2007 amne
653 1958 799 2026 Dyraspes,

117 2029 150 2079 Et
165 2030 240 2081 tacite
255 2048 374 2099 peragens
389 2033 444 2081 lene
461 2032 602 2081 Melanthus
620 2031 678 2081 iter·

79 2100 180 2169 Quique
198 2103 258 2155 duas
270 2116 369 2163 terras,
388 2105 472 2155 Asiam
488 2104 622 2169 Cadmique
638 2102 746 2155 sororem
805 2120 834 2169 55

118 2176 239 2242 Separat,
258 2176 285 2227 &
300 2177 382 2228 cursus
398 2178 463 2228 inter
476 2190 603 2242 utramque
617 2176 685 2227 iacit.
873 2188 876 2193 ’

80 2248 253 2317 innumerique
270 2250 330 2309 alii,
350 2267 411 2317 quos
425 2251 491 2301 inter
507 2250 623 2299 maximus
641 2264 725 2300 omnes
758 2260 760 2264 '

119 2322 217 2373 Cedere
234 2324 361 2374 Danubius
377 2324 402 2373 se
418 2324 482 2383 tibi,
498 2323 576 2381 Nile,
594 2334 678 2388 neget.
786 2348 789 2354 ·

81 2393 163 2461 Copia
178 2409 218 2446 tot
232 2397 348 2455 laticum,
365 2414 424 2463 quas
440 2406 536 2463 auget,
552 2395 673 2447 adulterat
687 2394 785 2455 undas3

119 2470 174 2519 Nec
190 2470 282 2535 patitur
298 2471 364 2521 vires
380 2487 464 2537 equor
479 2470 569 2524 habere
586 2468 648 2519 suas.
805 2469 840 2521 60

83 2540 152 2605 Quin
168 2542 259 2603 etiam,
277 2542 359 2611 stagno
374 2543 475 2600 similis,
493 2544 616 2610 pigraque
633 2543 735 2609 paludi,

123 2614 249 2667 Caeruleus
265 2616 306 2665 vix
323 2616 376 2675 est,
394 2616 541 2681 diluiturque
558 2616 636 2665 color.

83 2688 181 2738 innatat
195 2690 260 2740 unda
276 2690 342 2740 sreto
356 2690 454 2745 dulcis,
473 2689 600 2755 leviorque
619 2688 709 2737 marini
724 2688 776 2748 est,
807 2696 810 2699 '

106 2760 188 2825 ·Quae
205 2762 329 2829 proprium
346 2763 422 2813 mixto
439 2762 469 2813 de
485 2762 533 2812 sale
548 2760 643 2827 pondus
662 2761 743 2811 habet.

6 2853 8 2892 y
86 2834 113 2883 Si
131 2849 203 2901 roget
219 2838 270 2885 haec
286 2836 391 2901 aliquis,
410 2852 453 2885 cur
468 2834 516 2885 sint
531 2846 625 2884 narrata
642 2831 755 2893 Pedoni,
770 2873 773 2879 .
808 2835 824 2885 6
830 2849 841 2897 5

125 2905 226 2971 Quidve
241 2910 311 2975 loqui
326 2910 398 2960 certis
413 2907 504 2975 juverit
518 2907 559 2959 isia
576 2906 674 2965 modis3
