1975 3700
175 255 220 325 18
264 255 305 322 P.
335 255 528 325 Ort-nir
554 255 788 330 Nasonis

170 376 261 436 Salve,
278 377 335 427 laeta
346 377 397 427 dies
410 411 416 435 ‚
436 369 570 444 meliorque
581 391 708 430 revertere
721 377 818 448 semper
825 393 842 440 ,³
874 379 880 382 ’
893 379 901 384 ’

207 450 231 501 A
241 449 333 518 populo
344 469 424 501 rerum
436 451 506 518 digna
517 464 619 518 potente
631 454 689 504 coli.

171 523 253 589 Quem
263 537 345 575 tamen
360 525 406 575 effe
419 526 501 574 Deum
511 537 539 576 te
553 527 648 585 dicam,
665 525 866 580 Janerbitonnis?

126 606 159 657 90
207 599 269 648 Nam
279 599 323 649 tibi
333 617 376 666 par
387 601 477 649 nullum
491 599 588 651 Graecia
602 616 692 650 numen
700 601 785 654 habet.

168 671 220 722 Ede
231 673 301 723 simul
313 673 404 723 causam
416 705 424 731 ,
443 689 486 723 cur
497 674 527 721 de
540 672 683 723 Coelestibus
694 691 776 734 unus,

206 745 290 812 Sitque
302 747 365 814 quod
378 765 391 795 a
402 758 474 814 tergo
485 778 493 804 ‚
510 747 589 812 sitque
599 747 665 811 quod
675 760 732 798 ante
743 780 752 806 ,
765 747 846 803 vides.

169 817 231 869 Haec
243 837 290 888 ego
303 819 356 870 crim
367 820 447 870 sumtis
459 820 577 887 agitarem
586 832 668 869 mente
678 822 774 871 tabellis
785 839 796 882 ς

205 893 322 944 Lucidior
333 893 382 944 visa
393 894 426 944 est
437 927 444 954 ,
464 896 534 960 quim
544 892 591 942 fuit
600 905 658 942 ante
670 925 677 950 ,
694 895 791 946 domus.

125 979 139 1030 9
146 981 156 1028 5
169 967 233 1018 Turn
244 967 329 1026 sacer,
348 968 447 1034 ancipiti
460 966 580 1016 mirandus
591 966 714 1034 imagine,
734 967 811 1023 lanus
886 1005 890 1010 ,

204 1041 264 1092 Bina
278 1059 365 1108 repens
378 1041 455 1092 oculis
466 1041 554 1090 obtulit
564 1055 607 1089 ora
622 1040 693 1092 meis.

170 1113 308 1181 Obstupui,
327 1115 437 1180 sensique
452 1124 520 1162 metu
529 1112 625 1180 riguiffe
640 1113 764 1181 capillost

204 1187 236 1237 Et
248 1189 354 1256 gelidum
368 1187 448 1238 subito
457 1185 550 1254 frigore
561 1187 644 1252 pestus
658 1201 721 1239 erat.

168 1261 212 1310 lile
228 1272 314 1312 tenens
329 1260 415 1311 dextri
425 1262 555 1320 baculum,
576 1262 719 1329 clavemque
732 1261 845 1326 sinistri,

110 1347 158 1382 roo
206 1334 287 1385 Edidit
300 1336 344 1386 hos
355 1334 425 1385 nobis
440 1351 484 1384 ore
498 1333 579 1400 priore
591 1334 672 1385 sonos.

169 1407 243 1457 Disce
255 1442 262 1467 ,
280 1420 347 1458 metu
359 1409 461 1475 posito,
478 1419 548 1458 vates
560 1405 663 1472 operose
676 1408 769 1461 dierum
781 1444 789 1471 ,

206 1481 282 1546 Quod
292 1482 355 1548 petis
368 1498 375 1532 τ
391 1483 417 1533 &
427 1497 503 1532 voces
517 1481 616 1548 percipe
629 1494 711 1534 mente
721 1497 796 1534 meas.

168 1553 213 1604 Me
227 1554 309 1606 Chaos
320 1555 428 1622 antiqui,
445 1557 499 1604 riam
509 1570 548 1604 res
559 1555 608 1607 sum
619 1556 713 1620 prisca,
730 1559 863 1612 vocabant.
885 1599 892 1605 .

206 1627 294 1694 Aspice
305 1661 312 1688 ,
330 1631 400 1694 quim
411 1627 477 1699 lpngi
489 1627 608 1694 temporis
618 1628 670 1677 rita
681 1646 773 1680 cenam.

110 1716 140 1750 10
146 1716 157 1764 5
171 1700 275 1752 Lucidus
285 1703 326 1752 hic
336 1703 396 1762 air,
416 1703 441 1753 &
452 1734 459 1761 ,
479 1715 533 1770 quae
543 1701 590 1752 tria
601 1717 704 1769 corpora
713 1704 820 1764 restant,
883 1723 891 1752 ι

206 1775 289 1842 Ignis,
306 1793 392 1844 aquae,
409 1777 501 1834 telius,
519 1791 581 1825 unus
595 1792 697 1826 acervus
710 1791 791 1829 erant.

169 1848 206 1901 Ut
216 1849 291 1901 'semel
301 1849 353 1901 haec
364 1867 449 1901 rerum
457 1848 556 1898 secessit
569 1849 612 1899 iite
625 1849 717 1899 suarum
728 1884 736 1910 ‚

205 1923 281 1990 Inque
293 1940 368 1973 novas
378 1922 435 1973 abiit
447 1920 516 1971 maiia
527 1921 604 1972 soluta
616 1924 722 1983 dumont

168 1996 187 2047 F
189 1996 274 2047 lamma
288 1995 351 2063 petit
361 1997 434 2047 altum
446 2028 454 2055 ‚
473 1995 573 2062 propior
582 1996 653 2045 locus
663 1999 719 2047 aire
732 1997 798 2065 cepit
809 2014 819 2052 t
887 1998 891 2003 ’

110 2082 158 2118 110
206 2070 328 2121 Sederunt
340 2070 422 2121 medio
436 2082 502 2119 terra
516 2068 654 2135 fretumque
666 2070 728 2121 solo.
754 2084 757 2089 ’

164 2141 240 2193 =Tunc
249 2162 311 2211 ego,
323 2146 363 2211 qui
373 2144 465 2195 fueram
475 2144 562 2211 globus
570 2175 578 2200 ,
587 2142 612 2192 δι
621 2143 673 2193 sine
682 2144 786 2213 imagine
792 2142 889 2211 moles}

169 2262 174 2269 .
202 2218 230 2267 ln
245 2219 334 2267 faciem
344 2218 405 2269 tedii
420 2218 538 2286 dignaque
548 2218 655 2265 membra
666 2218 734 2268 Deo.

166 2292 191 2341 N
193 2300 347 2359 unc'quoque
358 2326 365 2351 ,
380 2291 484 2343 confusae
497 2291 616 2356 quondam
627 2303 685 2341 nota
697 2308 770 2359 parra
780 2290 864 2362 figure
871 2326 889 2355 ,.

203 2364 268 2415 Ante
280 2366 346 2435 quod
357 2364 424 2415 estin
438 2381 494 2421 me.
513 2362 612 2431 postque
625 2364 723 2417 videtur
734 2367 809 2419 idemc

108 2450 156 2501 115
170 2435 282 2505 Accipe,
303 2437 409 2506 quaesitae
421 2454 474 2503 quae
486 2438 556 2487 causa
567 2437 599 2490 sit
608 2439 685 2489 altera
696 2440 781 2490 formae
792 2456 802 2499 ς
887 2442 891 2445 ’

204 2512 275 2561 Hanc
289 2512 359 2563 simul
369 2524 397 2563 ut
409 2510 496 2570 noris,
515 2509 668 2578 officiumque
682 2529 771 2562 meum.

169 2584 291 2652 Quicquid
300 2584 388 2653 ubique
397 2586 882 2649 vides,coelum,mare,nubila,terras;

206 2658 294 2710 Omnia
307 2660 360 2709 sunt
370 2658 448 2709 nostri
459 2658 537 2708 clausa
548 2691 557 2717 ,
574 2670 706 2725 patentque
717 2692 725 2719 ‚
743 2677 828 2715 manu.

168 2732 213 2782 Me
229 2749 304 2798 penes
317 2732 350 2783 est
361 2748 434 2783 unum
447 2730 504 2782 vasti
517 2731 621 2783 custodia
631 2732 733 2792 mundi;

82 2826 90 2860 ,r
109 2819 159 2855 iro
209 2805 240 2857 Er
255 2805 294 2873 jus
306 2807 418 2857 vertendi
428 2804 531 2856 cardinis
542 2821 613 2855 omne
628 2821 708 2857 meum
721 2804 766 2857 est.

170 2876 232 2930 cum
243 2879 314 2931 libuit
325 2880 412 2931 Pacem
427 2879 528 2947 placidis
539 2878 651 2930 emittere
665 2879 737 2931 teiiis
748 2913 759 2942 ,

206 2954 293 3008 Libera
307 2967 437 3023 perpetues
450 2954 555 3007 ambulat
570 2953 610 3005 'rua
623 2952 685 3007 vies.
