1975 3700
196 251 247 341 ⁶4
294 222 555 318 st'orrnrr
580 243 811 317 Naroma
910 217 914 222 ’

150 381 183 432 95
198 369 229 418 Et
242 365 286 418 tibi
302 383 355 416 cum
372 367 488 434 proavis,
507 365 576 413 miles
592 362 711 432 Peligne,
730 367 823 417 Sabims

233 441 376 492 Convenit:
389 441 428 489 hic
444 440 511 506 genti
528 451 626 504 quartus
640 439 736 506 utrique
752 441 834 490 Deus.

193 515 330 573 Romulus,
347 515 393 562 hos
408 529 491 562 omues
505 524 532 560 ut
546 511 658 561 vinceret
672 513 758 562 ordine
772 513 856 562 saltem
864 518 881 574 ‚'

231 589 356 654 Sanguinis
371 587 461 636 ausiori
474 598 584 650 tempora
599 585 674 650 prima
688 585 765 635 dedit.

194 660 248 710 Nec
261 658 363 710 totidem
376 672 491 716 veteres,
508 671 568 724 quot
581 674 645 706 nunc
657 657 765 708 habuere
777 655 924 712 kalendar

136 748 186 784 roo
234 735 279 784 llle
294 731 373 783 minor
388 732 487 800 geminis
503 731 624 781 mensibus
638 747 714 781 annus
728 744 791 782 erat.

194 807 308 858 Nondum
324 806 455 856 tradideras
470 805 544 854 tisias
558 804 688 853 vidoribus
702 815 787 863 artes,

232 879 346 938 Gtaecia‚
365 879 513 933 facundum,
531 876 571 926 sed
586 875 647 926 male
662 875 747 935 forte,
764 894 850 946 genus.

194 952 245 1018 Qui
261 955 323 1003 bene
339 952 473 1020 prignirat,
493 951 626 1000 Romanam
641 962 744 1000 noverat
759 965 837 1002 artem
846 967 860 1012 3

228 1027 330 1077 Mittere
345 1027 386 1093 qui
399 1021 496 1092 poterat
509 1025 576 1089 pila,
597 1021 698 1073 disertus
713 1036 774 1074 3333.

133 1112 181 1162 105
195 1098 258 1164 Quis
273 1113 331 1150 tunc
347 1111 389 1148 aut
400 1095 522 1166 Hyadas,
540 1109 582 1146 aut
599 1095 708 1146 Pleiadas
724 1098 852 1148 Atlanteas

229 1173 359 1230 Senserat,
379 1185 420 1220 aut
436 1172 545 1238 geminos
560 1169 608 1219 elle
624 1167 666 1218 sub
682 1185 727 1219 axe
742 1171 814 1236 polos
829 1169 843 1220 ἓ

192 1245 317 1305 Essevduas
332 1245 439 1301 Areios,
461 1258 558 1310 quarum
573 1236 699 1309 Cynosura
714 1257 814 1308 petatur

229 1317 353 1376 Sidoniis;
373 1317 478 1368 Helicen
497 1315 573 1382 Graja
592 1316 671 1365 carina
688 1314 783 1366 notet?

194 1392 315 1459 Signaque
333 1407 385 1458 quae
399 1392 473 1458 longo
489 1391 566 1440 stater
580 1388 724 1455 percenseat
737 1405 820 1448 anno.

132 1476 183 1514 110
230 1466 327 1531 lreper
342 1465 394 1515 haec
410 1481 459 1514 uno
474 1463 554 1512 mense
569 1463 657 1512 sororis
674 1459 775 1528 equos?
970 1460 971 1463 ’

193 1538 279 1588 Libera
294 1539 439 1595 currebant,
461 1537 485 1586 Sc
501 1535 651 1586 inobservata
667 1551 815 1600 perannum
970 1498 971 1571 1

228 1611 330 1661 Sidera:
344 1611 465 1661 constabat
481 1609 522 1659 sed
538 1622 620 1658 tamen
634 1607 681 1657 elle
695 1607 776 1659 Deos.

191 1685 249 1736 Non
264 1685 298 1734 illi
314 1685 378 1734 coelo
393 1682 499 1734 labentia
514 1682 581 1751 signa
596 1681 747 1741 movebant,

230 1758 278 1809 Sed
293 1758 332 1808 sua
345 1773 352 1807 :
365 1773 417 1825 quae
433 1773 543 1824 magnum
561 1756 665 1822 perdere
679 1755 770 1804 crimen
787 1766 851 1806 3333.

133 1843 180 1895 115
194 1829 286 1899 lllaque
303 1831 333 1881 de
349 1833 416 1881 foeno
429 1846 437 1881 3
450 1829 490 1880 sed
507 1844 560 1881 3333
574 1828 710 1880 reverentia
725 1828 812 1889 soeno,

229 1904 351 1968 Quantam
369 1920 432 1955 nunc
446 1904 545 1971 Aquilas
562 1903 641 1953 cernis
657 1902 746 1952 habere
760 1915 826 1954 tuas.

192 1976 288 2029 Pertica
303 1978 425 2043 suspensos
439 1979 551 2043 portabat
566 1978 638 2045 longa
654 1976 796 2041 maniplos;

120 2086 128 2101 a
229 2052 301 2101 Unde
316 2050 451 2116 maniplaris
466 2051 563 2101 nomina
579 2051 648 2100 miles
662 2049 745 2100 habet.

192 2122 258 2192 Ergo
274 2124 346 2173 animi
355 2124 491 2182 indociles,
513 2123 627 2175 &adhuc
641 2122 736 2172 ratione
747 2135 884 2183 carentes,
969 2165 970 2170 ,

133 2207 183 2245 120
230 2197 357 2249 Mensibus
373 2210 475 2266 egerunt
487 2196 557 2247 lustra
574 2197 665 2245 minora
681 2196 775 2246 decem.

191 2268 277 2321 Annus
288 2284 358 2328 3333,
371 2272 489 2321 decimum
501 2269 555 2319 crim
565 2271 630 2319 Luna
641 2269 779 2334 repleverat
790 2269 893 2322 orbem.

230 2342 279 2393 Hic
294 2344 378 2395 uostris
394 2361 480 2411 magno
492 2358 551 2393 tunc
564 2344 589 2390 in
602 2344 696 2392 honore
710 2340 765 2394 suit.

193 2416 243 2467 Seu
256 2418 309 2483 quia
324 2430 363 2467 tot
378 2418 464 2485 digiti,
482 2433 527 2481 per
542 2432 606 2481 quos
618 2430 743 2464 numerare
760 2411 892 2472 solemus;

229 2490 278 2540 Seu
293 2491 346 2557 quia
362 2490 397 2557 bis
412 2491 485 2556 quino
500 2489 587 2538 semina
604 2488 684 2537 mense
698 2488 768 2551 parit.

133 2573 164 2609 12
169 2574 181 2624 5
195 2562 243 2613 Seu
255 2564 319 2628 quod
330 2564 437 2630 adusque
448 2564 533 2614 decem
543 2578 643 2611 numero
654 2557 779 2610 'crescente
790 2559 914 2621 venitun

227 2634 371 2703 Principium
388 2637 466 2702 spatiis
484 2636 583 2685 sumitur
596 2635 652 2683 inde
667 2634 746 2683 novis.

190 2708 250 2760 lude
266 2726 334 2776 pares
352 2722 447 2760 centum
463 2709 539 2758 denos
554 2706 659 2756 secrevit
673 2706 697 2754 in
714 2707 787 2756 orbes

226 2782 343 2834 Romulus
355 2782 477 2834 :hastatos
493 2780 639 2845 instituitque
654 2780 749 2827 decem.
770 2781 779 2798 '

191 2854 224 2906 Et
239 2858 341 2907 totidem
355 2858 487 2924 princeps,
507 2855 612 2905 totidem
625 2852 716 2918 pilanus
729 2849 835 2898 habebat

130 2944 181 2998 130
231 2928 344 2999 Corpore
355 2946 364 2982 3
375 2930 484 2999 legitimo
499 2928 589 2996 qaoque
602 2926 712 2977 merebat
726 2936 803 2990 equo·
