1975 3700
164 223 305 293 Errsr.
330 237 396 290 rx
422 223 570 286 Porro
596 219 636 286 L.
662 220 691 287 1.
729 241 801 311 291

94 342 189 393 funera
205 357 252 392 nec
268 339 346 408 potui
356 338 472 389 comitare
484 369 492 396 .
508 351 556 388 uec
571 350 664 402 ungere
676 351 786 405 corpuss

129 417 201 481 Aque
217 416 266 465 tuis
283 427 337 466 toto
355 411 451 462 dividor
469 412 530 462 orbe
546 409 624 476 rogis.

95 488 144 553 Qui
161 489 265 555 potuit,
283 503 355 554 quem
370 498 398 536 tu
415 500 460 552 pro
475 482 573 534 nombre
587 482 659 532 visus
676 483 781 537 habeba
790 516 799 543 ,

128 560 241 612 Praellitit
257 559 362 613 officium
379 557 502 610 Maximus
519 572 592 607 omne
608 555 663 606 tibi.
817 571 851 622 50

93 634 137 686 llle
155 635 201 684 tibi
219 634 363 700 exsequias,
385 632 411 683 &
428 629 509 700 magui
524 630 596 680 lunus
612 629 714 680 honoris

128 707 222 766 Fecit3
242 709 268 760 δι
284 709 309 757 in
321 705 417 774 gelidos
434 705 513 756 versit
526 719 620 754 amoma
634 703 711 754 sinus.

92 780 175 831 Diluit
192 782 218 833 &
235 782 348 849 lacrymis
362 795 465 830 merens
484 789 608 844 unguenta
623 775 749 841 profruisr

128 853 236 921 Oliaque
253 854 333 904 vicini
349 852 446 902 condita
464 851 529 902 terit
546 850 630 900 humo.

92 925 142 992 Qui
154 929 267 994 quoniam
277 925 412 982 exstinctis,
424 941 479 990 quae
490 925 581 978 debet,
591 921 686 988 prestat
694 921 794 984 amicis,
816 938 829 988 5
834 938 847 989 5

127 999 160 1050 Et
177 1017 223 1054 uos
240 1000 358 1052 exiliuclis
376 1013 534 1049 annumerare
550 995 640 1062 potest.

156 1087 795 1178 «πει-τᾶξω

264 1225 607 1291 EPISTOLA
655 1227 695 1291 X.

340 1352 617 1414 FLAcco.

89 1443 151 1560 ᾖ
163 1521 182 1558 Α
192 1520 203 1558 s
213 1517 231 1557 ο
246 1504 288 1558 sue
299 1508 415 1576 profugus
425 1507 500 1560 mittit
508 1507 552 1560 tibi
564 1540 572 1567 ,
584 1507 694 1567 Flarce.
710 1506 809 1562 salutem
819 1525 828 1562 t

126 1581 232 1630 Mittere
244 1597 295 1632 rem
307 1581 389 1649 siquis
401 1615 409 1642 ,
424 1581 470 1650 qui
480 1594 550 1634 caret
558 1582 629 1648 ipse,
643 1581 732 1647 potest,

88 1653 189 1720 Longus
209 1653 273 1704 emim
290 1653 353 1706 curis
370 1656 479 1708 vitiatum
497 1671 585 1721 corpus
601 1655 687 1706 amuis

127 1728 185 1776 Non
200 1727 289 1792 patitur
302 1727 367 1779 vires
382 1730 484 1796 languor
499 1730 589 1780 babere
605 1728 669 1780 suas.

88 1802 144 1853 Nec
159 1801 231 1852 dolor
242 1802 304 1853 ullus
314 1801 397 1863 adest,
415 1819 462 1855 nec
473 1803 580 1855 febribus
591 1818 649 1854 uror
658 1800 751 1855 anhelis
761 1817 772 1865 3
811 1817 825 1869 ς

126 1874 158 1924 Et
174 1875 269 1942 peragit
285 1875 348 1927 soliti
364 1893 427 1929 vena
444 1878 537 1929 tenoris
552 1876 611 1927 iter.

89 1946 128 1997 Os
140 1949 216 1998 hebes
228 1948 275 2007 eu,
289 1950 423 2018 positaeque
434 1965 534 2002 movent
546 1950 637 2001 fastidia
647 1949 733 2001 meos:
745 1964 754 2002 t

127 2021 159 2070 Et
175 2038 284 2088 queror,
300 2023 370 2074 invisi
387 2022 440 2075 cirm
456 2026 525 2075 venit
539 2025 600 2075 bora
615 2025 675 2075 cibi.

88 2094 167 2159 Quod
180 2111 264 2154 mare,
278 2096 344 2163 quod
353 2097 426 2147 tellus
438 2130 445 2156 ,
458 2114 571 2165 appone,
590 2097 656 2164 quod
667 2097 756 2149 educat
765 2096 827 2156 aits

127 2168 169 2217 Nil
185 2167 217 2215 ibi
231 2202 238 2226 ,
253 2169 318 2235 quod
333 2170 402 2221 nobis
418 2170 552 2229 esuriatur,
570 2171 627 2219 erit.
812 2184 845 2221 ιο

88 2240 181 2293 Νεέὶπ
200 2241 226 2291 δι
243 2243 404 2303 ambrosiam,
420 2243 505 2293 latices
520 2244 652 2309 epulasque
668 2240 802 2302 Deorum,

125 2315 180 2365 Det
198 2314 256 2363 mihi
272 2314 378 2365 formosi
392 2333 453 2366 nava
466 2314 573 2367 Juveuta
589 2331 681 2374 manua

86 2389 111 2439 N
114 2405 146 2437 on
161 2396 242 2439 tamen
257 2401 362 2439 exacuet
376 2400 476 2457 torpens
494 2390 563 2456 sapor
578 2388 620 2439 ille
636 2389 762 2455 palatumz

124 2459 204 2511 Stabit
220 2460 245 2511 &
261 2460 285 2511 in
301 2460 421 2513 stomacho
433 2463 528 2529 pondus
541 2462 621 2513 inerte
636 2462 687 2520 diu.

86 2532 148 2583 Haec
164 2549 212 2601 ego
228 2550 277 2585 non
296 2535 390 2595 ausim,
408 2533 462 2586 crim
478 2536 527 2587 sint
541 2536 683 2595 verissima,
702 2534 777 2587 cuivis
808 2549 839 2599 ις

124 2606 258 2667 scriberes
279 2608 376 2659 delicias
392 2626 423 2659 ne
438 2610 499 2659 mala
515 2608 594 2680 mostra
606 2620 707 2659 vocent.

87 2678 189 2729 Scilicet
205 2680 224 2730 is
241 2680 311 2731 status
326 2680 379 2740 est,
396 2699 426 2732 ea
442 2696 523 2733 rerum
539 2684 617 2732 forma
631 2697 758 2741 mearum,

126 2752 229 2803 Deliciis
244 2754 316 2803 etiam
331 2756 408 2819 possit
423 2768 450 2805 ut
466 2754 514 2807 elle
528 2753 620 2806 locus?

86 2826 199 2877 Delicias
216 2827 251 2876 illi
268 2844 356 2893 precor
372 2829 416 2878 has
427 2831 589 2895 contingere,
607 2826 628 2879 si
643 2826 695 2895 quis

124 2900 166 2953 Ne
182 2899 239 2951 milti
255 2901 286 2957 sit
303 2902 380 2955 levior
398 2901 499 2957 Calatis
516 2903 570 2962 ira,
590 2902 669 2953 umet.
698 2961 776 3025 Nu,
807 2916 843 2954 ιο

736 2988 754 3041 ¹1
