1975 3700
224 269 292 360 48.
318 267 360 337 P.
389 269 584 342 omn
610 268 838 342 Nasonis

225 389 307 440 Marte
321 390 382 440 satos
397 389 468 441 sciret
479 407 488 449 3
504 392 579 442 timor
589 389 675 440 abfuit.
691 391 774 440 Ubera
784 393 903 452 ducunt,

162 482 215 531 420
263 465 317 513 Nec
328 465 373 514 sibi
383 465 493 530 promissi
503 465 572 514 lauis
583 466 683 514 aluntur
697 479 755 530 ope.

225 537 269 587 llla
283 538 341 586 loco
351 546 440 588 nomen
454 538 534 596 lecit3
548 539 618 588 locus
631 538 681 603 iple
691 537 817 604 Lupercis.
833 563 839 570 ·

260 610 351 678 Magna
363 611 411 660 dati
424 613 505 661 nutrix
518 613 614 677 praenrla
624 610 690 660 uuis
696 612 783 661 habet.

225 682 292 747 Quid
302 695 370 734 vetat
381 685 487 734 Arcadio
500 685 575 736 dirtos
585 695 694 733 nnionte
704 680 852 749 Lupercor?

263 757 356 808 Faunus
367 759 391 807 in
404 757 506 808 Arcadia
516 759 605 825 templa
615 757 712 824 Lyceus
726 759 808 807 habet.

162 847 196 894 42
203 845 213 893 5
227 831 327 896 Nupta,
346 827 402 897 quid
413 831 535 897 exspetias
547 830 559 880 1
575 847 625 891 pon
635 842 663 880 tu
673 831 821 896 pollentibus
833 831 920 880 herbis
930 862 939 890 ,

261 904 315 954 Nec
330 921 424 972 prece,
438 921 484 955 nec
497 906 593 974 magico
604 904 730 961 carmine,
748 917 825 954 mater
839 906 902 956 eris.

224 977 316 1043 Excipe
325 977 436 1029 fecunde
448 979 684 1045 patienterrverbera
694 977 787 1028 dextre
798 995 808 1036 3

261 1050 313 1101 Jatn
322 1053 391 1103 socer
402 1054 478 1118 optati
489 1067 577 1102 nomen
590 1051 688 1100 habebit
702 1051 751 1100 avi.
913 1053 948 1094 ε)

224 1124 286 1173 Nam
297 1125 342 1175 fuit
354 1127 395 1174 illa
407 1126 457 1174 dies
469 1119 477 1182 3
495 1126 555 1176 duri
569 1123 623 1176 clm
635 1125 700 1174 ferte
711 1124 806 1174 maritae
855 1149 859 1156 ·

160 1209 213 1262 430
261 1196 404 1248 Reddebant
415 1199 477 1247 uteri
488 1199 590 1266 pignora
601 1214 654 1247 rara
664 1197 707 1247 sui.

224 1267 291 1334 Quid
299 1271 357 1319 mihi
369 1304 377 1328 ,
397 1272 533 1331 clamabat,
549 1271 646 1338 prodest
655 1269 756 1336 rapuisse
764 1269 891 1333 Sabim,

260 1342 396 1394 Romulus-e
406 1345 474 1404 hoc,
489 1346 535 1396 illo
543 1346 637 1411 sceptra
647 1357 748 1394 tenente
760 1377 768 1402 ‚
787 1344 844 1394 luit.

221 1416 247 1465 si
259 1433 312 1466 mea
322 1433 374 1466 non
381 1418 447 1468 vires
458 1452 465 1476 ,
482 1419 524 1468 sed
537 1421 627 1469 bellurn
637 1417 723 1483 injuria
736 1418 795 1468 fecit
806 1434 816 1475 3

258 1489 348 1540 Utilius
362 1491 440 1541 fuerat
452 1508 501 1542 non
515 1492 621 1542 habuille
634 1507 718 1542 nutus.

159 1577 191 1628 43
198 1579 210 1626 5
224 1562 312 1612 Monte
324 1563 365 1613 sub
375 1563 481 1631 Esquilio
492 1597 500 1624 ,
517 1566 598 1614 multis
611 1564 734 1614 incedunt
745 1564 832 1622 annis,

180 1665 184 1670 -
257 1635 357 1688 lunonis
372 1653 464 1705 magnae
475 1639 572 1688 nomine
587 1639 656 1688 10101
669 1650 730 1687 erat.

222 1708 278 1761 Huc
288 1711 329 1760 ubl
343 1723 462 1761 venerunt
471 1713 563 1778 pariter
571 1724 700 1777 nuptaeque
714 1711 826 1776 virique,

258 1783 404 1851 Suppliciter
414 1785 496 1851 posito
507 1787 660 1851 procubuere
673 1799 747 1852 genu.

221 1856 283 1907 cun
297 1856 374 1909 subiti)
385 1870 458 1908 motae
468 1852 590 1909 tremuere
603 1859 724 1909 cacumina
734 1857 802 1907 silvae
813 1888 822 1916 ,

157 1946 211 1994 440
257 1930 288 1979 Et
298 1931 354 1981 Dea
365 1946 412 1997 per
425 1934 494 1983 lucos
506 1934 564 1983 mira
577 1934 659 1982 locuta
674 1932 739 1981 suos.

124 2006 125 2010 ’
222 2004 319 2054 Italidas
329 2018 436 2063 matres,
452 2006 545 2071 inquit,
563 2022 636 2071 caper
645 2007 722 2055 hirtus
732 2004 803 2055 inito.

257 2076 388 2145 Obstupuit
398 2078 471 2128 dubio
481 2080 565 2129 territa
575 2081 646 2129 turba
657 2079 726 2128 sono.

220 2148 305 2217 Augur
314 2164 370 2201 etat
381 2168 389 2201 t
402 2168 489 2201 nomen
500 2153 578 2220 longis
592 2152 715 2201 intercidit
724 2148 811 2200 annisu

169 2258 174 2265 -
256 2224 341 2290 Nuper
351 2226 381 2274 ab
392 2224 511 2276 Hetrusci
521 2239 622 2275 venerat
632 2225 698 2275 exsul
707 2226 791 2273 lrurno.

156 2310 208 2361 445
221 2297 266 2347 Ille
277 2315 373 2363 caprum
382 2299 469 2348 rnat‘lat
481 2314 488 2349 t
501 2295 566 2365 julla
577 2300 616 2349 lua
629 2310 698 2365 terga
706 2297 798 2347 marite

257 2369 363 2421 Pellibus
378 2372 476 2422 exseilis
489 2372 647 2438 percutienda
662 2372 759 2421 dabant.
970 2433 971 2436 ¹

219 2442 287 2493 Luna
296 2446 433 2495 resumebat
444 2446 613 2495 decimonora
626 2459 718 2495 cornua
729 2449 820 2502 metue
849 2470 854 2478 ·
970 2443 972 2538 1

254 2518 348 2585 Virque
354 2530 428 2585 pater
438 2518 517 2569 subiti>
527 2554 535 2578 ,
550 2516 673 2586 nuptaque
681 2528 776 2575 mater,
792 2525 858 2571 erat,

221 2588 307 2641 Gratia
319 2592 415 2642 Lucinae
428 2610 435 2641 t
449 2593 515 2643 dedit
524 2594 576 2643 haec
587 2594 631 2642 tibi
641 2592 737 2640 nomina
747 2592 816 2639 lucus
828 2606 838 2646 ς

98 2700 101 2709 ·
155 2678 209 2729 450
255 2666 307 2723 Aut
319 2665 373 2733 quia
383 2666 525 2732 principium
535 2679 582 2724 tu,
600 2667 673 2722 Dea,
688 2665 749 2714 lucis
763 2663 852 2711 habes.

220 2736 313 2797 Parte,
330 2750 437 2804 precor,
452 2740 573 2807 gravidis,
588 2739 666 2787 facilis
676 2738 785 2793 Lucina,
800 2735 896 2800 puellis
909 2754 921 2796 3

255 2812 425 2881 Maturunrque
436 2826 507 2864 utero
517 2813 624 2862 molliter
634 2810 695 2861 eller
704 2821 777 2861 0001.

219 2884 245 2936 O
253 2884 332 2936 ΠΛ
347 2886 399 2936 dies
411 2887 502 2945 fuerit3
517 2899 545 2936 tu
557 2887 642 2935 desine
653 2883 754 2935 eredere
763 2882 857 2934 ventis.

253 2958 361 3013 Perdidit
372 2961 563 3029 illiusrernporlr
571 2974 631 3013 aun
640 2957 723 3013 111010.
779 2983 783 2992 ·

822 3030 942 3083 flamina
966 3085 967 3102 2
