1975 3700
157 261 457 332 Fasronnn
486 262 592 332 [ιιι.
623 264 694 334 lV.
744 285 794 359 93

11 405 17 434 ι
84 381 195 447 Voxque
205 383 266 441 fuit,
280 381 363 432 Merui
376 397 383 432 ι
397 383 501 432 Meritas
512 381 567 429 dem
576 379 690 448 sangnine
700 399 795 452 pernas.

122 454 180 503 Ah!
197 469 299 521 pereant
310 469 408 521 partes,
425 471 477 521 que
491 470 599 504 nocuere
612 457 688 505 mihi!
703 518 711 528 ν
808 471 861 519 240

86 527 126 578 Ah
139 529 257 593 pereant!
273 530 368 578 dicebat
381 529 458 578 adhuc
471 545 479 585 ς
492 543 553 577 onus
564 528 668 595 inguinis
679 530 777 588 adiert3

124 601 244 668 Nullaque
256 601 309 652 sunt
323 602 399 652 subitd
411 602 477 670 signa
491 600 574 650 relicta
585 602 642 651 viri.

85 673 163 728 Venit
176 673 200 724 in
215 677 349 742 exemplum
364 675 431 724 furor
444 675 520 733 hinc,
540 675 676 740 mollesque
690 673 788 743 ministri

123 747 229 798 Cedunt
245 747 337 814 jadatis
353 747 411 797 vilia
427 749 534 797 membra
548 748 634 798 comis.
696 777 708 819 3

11 851 13 878 ι
86 819 187 872 Talibus
201 820 288 872 Aoniae
301 821 479 871 facunddvoce
493 820 608 874 Cameme
676 827 681 854 ³
808 835 858 886 245

11 941 14 952 ,
123 894 229 944 Reddita
242 894 337 960 quaesiti
352 894 421 942 rausa
434 893 524 944 furoris
540 907 602 943 erat.
689 939 693 948 ,

87 966 145 1016 Hoc
157 983 273 1034 quoque,
288 965 336 1015 dux
348 967 448 1032 operis,
464 981 579 1024 moneas,
591 982 681 1032 precor
688 984 697 1026 ;
709 968 774 1018 unde
785 970 862 1036 petita

124 1041 252 1091 Venerit:
269 1055 300 1088 an
319 1039 396 1088 nostri
419 1040 512 1106 semper
529 1039 554 1087 in
573 1038 642 1089 Urbe
660 1039 725 1090 fuit?

11 1163 12 1170 ,
90 1112 254 1181 Dindymon,
272 1113 297 1162 δι
312 1111 439 1180 Cybelen,
459 1113 484 1162 dt
501 1127 618 1162 omoenarn
635 1112 742 1163 fontibus
757 1115 818 1166 iden

126 1186 246 1252 Semper,
265 1186 291 1236 δι
308 1185 392 1235 Iliacas
407 1187 490 1236 Mater
507 1185 596 1234 amavit
613 1202 682 1252 opes.
744 1215 750 1222 ·
808 1204 860 1253 250

88 1258 151 1310 cum
166 1259 268 1325 Troiam
282 1257 373 1308 AEnens
394 1259 468 1309 Italos
484 1271 595 1324 portaret
610 1259 636 1308 in
652 1277 740 1329 agros,

126 1331 165 1382 Est
180 1333 236 1383 Dea
251 1333 374 1382 sacriferas
388 1349 457 1398 pane
472 1332 555 1382 secuta
570 1343 646 1382 rates,

90 1406 139 1456 Sed
154 1405 260 1456 nondum
275 1405 330 1456 fatis
346 1407 415 1456 Latio
433 1406 473 1455 sua
488 1406 583 1456 numina
597 1407 664 1471 posci

126 1479 258 1538 Senserat,
275 1477 371 1529 ass‘uetis
388 1478 570 1545 substiteratque
583 1480 653 1530 iocis.

90 1551 160 1610 Post,
175 1565 203 1602 ut
215 1551 292 1602 Roma
306 1565 392 1618 potens
406 1553 492 1618 opibus
506 1551 554 1617 jam
568 1552 649 1602 serula
660 1554 766 1621 quinque
809 1571 842 1620 25
849 1572 860 1618 5

127 1625 216 1684 Vidit,
231 1625 256 1675 dt
269 1625 377 1674 edomito
388 1624 477 1674 sustulit
488 1627 549 1675 orbe
562 1639 634 1692 caput
644 1644 659 1684 3»

90 1697 210 1748 Carminis
222 1697 328 1747 Euboici
341 1697 421 1747 fatalia
433 1699 509 1748 verba
521 1698 632 1748 sacerdos

130 1770 228 1835 inspicit
240 1785 247 1820 τ
260 1769 389 1838 inspectum
399 1771 448 1819 tale
459 1769 526 1820 iuiffe
537 1770 629 1821 ierunt.
672 1799 676 1807 ‹

90 1843 175 1895 Mater
188 1842 267 1903 abest;
281 1842 387 1895 Martem
396 1843 488 1910 jubeo,
502 1843 629 1903 Romane,
643 1845 762 1913 requiras.

131 1915 194 1967 cum
210 1918 312 1977 veniet,
329 1916 390 1967 casti
408 1917 442 1967 est
454 1917 596 1985 accipienda
611 1933 692 1969 manu.
810 1922 864 1973 260

92 1990 211 2043 Obscuros
227 1992 297 2041 sortis
312 1990 395 2043 Patres
410 1993 548 2060 ambagibus
562 2005 662 2043 errante

129 2065 226 2130 Quaeve
242 2082 329 2133 parens
345 2065 424 2124 absit,
444 2082 526 2131 quove
540 2067 646 2132 petenda
662 2063 729 2117 ioco.

92 2137 232 2188 Consulitut
252 2138 345 2189 Paeant
365 2139 505 2205 Divquue
525 2141 643 2189 arcessite
658 2140 784 2199 Matrem,

130 2212 220 2278 Inquit.
238 2212 266 2261 In
286 2211 354 2261 tdaeo
371 2210 405 2261 est
419 2212 566 2261 invenienda
579 2210 648 2279 jugo.
679 2210 683 2253 ἱ

91 2283 226 2335 Mittuntur
236 2300 362 2350 proceres.
376 2283 488 2352 Phrygia
500 2298 551 2334 turn
562 2283 656 2350 sceptra
666 2286 768 2337 tenebat
811 2287 861 2351 265

130 2356 227 2407 Attalus
238 2372 246 2407 t
260 2356 373 2408 Ausoniis
383 2373 435 2408 rem
446 2370 520 2425 negat
530 2358 573 2407 'ute
582 2358 650 2409 viris.

92 2431 158 2481 Mira
173 2445 276 2481 emam:
295 2430 369 2498 longo
387 2432 488 2481 tremuit
503 2448 559 2481 cnm
572 2447 695 2482 marmure
708 2434 800 2492 telius3

131 2502 162 2552 Et
178 2501 213 2552 sic
229 2520 260 2553 ex
276 2504 354 2571 adytis
369 2504 434 2553 Diva
451 2506 534 2554 locuta
552 2504 607 2556 suis.

92 2576 146 2643 ipsa
158 2576 212 2640 peti
230 2576 316 2627 volui:
335 2593 366 2625 ne
385 2577 416 2627 sir
431 2592 519 2627 mora:
536 2578 606 2628 mitte
621 2580 756 2631 volentem.

131 2648 227 2716 Dignus
243 2648 320 2698 Roma
337 2651 425 2705 locus,
444 2646 492 2715 qud
510 2650 580 2701 Deus
594 2653 736 2709 omniseat.
812 2670 864 2718 270

93 2724 139 2774 lile
155 2721 207 2771 soni
225 2732 319 2771 terrore
334 2736 443 2788 pavens,
463 2720 637 2783 Proficiscere,
656 2726 736 2783 dixir3

130 2794 217 2844 Nostra
234 2796 281 2843 eris
295 2810 303 2845 t
319 2794 343 2843 in
360 2794 478 2863 Phrygios
492 2795 573 2865 Roma
585 2798 691 2847 refertur
703 2815 773 2849 avos.

94 2868 207 2921 Protinus
223 2869 355 2917 innumeros
374 2870 470 2919 cadunt
489 2869 571 2936 pineta
589 2870 685 2920 secures
707 2903 711 2910 -

130 2942 195 3000 Ilia,
210 2942 295 3009 quibus
310 2940 404 3010 fugiens
416 2941 498 3011 Phryx
514 2944 568 3009 pius
583 2942 639 2996 usus
656 2956 718 2996 erat.
