1975 3700
137 232 280 304 Emer.
304 249 365 304 ax
389 232 594 304 Porro-L.
620 235 643 306 Ι
648 239 690 306 V.
719 236 794 331 369

76 349 145 401 Cum
157 351 238 404 Varus
253 351 427 420 Gracchusque
439 354 525 404 darent
534 354 585 405 fera
597 354 657 426 dista
667 357 762 424 tyranni
773 373 783 414 i

118 425 263 477 Callimachi
278 425 395 478 Proculus
410 429 484 478 molle
498 439 596 478 teneret
610 429 677 490 iter:

78 497 185 565 Tityrus
202 500 312 566 antiquas
329 500 355 550 δι
371 511 424 550 erat
439 501 480 567 qui
497 501 607 567 pasceret
621 502 728 561 herbas.

118 572 234 640 Aptaque
248 574 348 624 venanti
361 573 460 627 Gratius
477 591 542 624 arma
559 575 637 626 daret.
674 575 685 592 ⁴

80 643 179 695 Naidas
192 662 207 694 a
223 646 315 714 Satyris
330 660 431 697 caneret
444 647 568 698 Fontanus
578 659 674 700 'amatas
685 663 704 707 ,·
724 655 729 666 ’
804 659 836 712 35

121 717 256 770 Clauderet
270 720 398 786 imparibus
414 721 488 771 verba
504 719 604 787 Capella
619 723 706 772 modis.

81 789 197 857 Cumque
215 793 298 844 forent
311 793 368 853 alii,
384 809 487 860 quonum
502 792 559 843 mihi
575 794 658 846 cundia
673 795 766 847 reletre

119 865 227 916 Nomina
241 867 314 934 longa
329 883 397 918 mora
410 865 463 932 est,
480 867 585 917 carmina
600 868 686 936 vulgus
703 863 795 925 halen

82 936 166 988 Eli'ent
183 938 210 990 δι
225 938 345 1005 juvenes,
360 957 480 1006 quorum,
498 941 564 1006 quod
578 941 668 992 inedita
683 957 740 992 cura
754 941 807 1000 est,

120 1011 330 1079 Appellandorum
343 1014 377 1063 nil
391 1013 449 1073 mihi
463 1011 523 1078 juris
537 1012 620 1066 adest:
755 1041 759 1050 ·
802 1029 840 1076 40

83 1080 124 1132 Te
142 1097 224 1135 nmen
241 1086 268 1136 in
282 1087 352 1136 turba
369 1103 420 1136 non
434 1087 528 1145 ausim,
552 1085 647 1148 Cotta,
664 1087 758 1146 silere5

119 1155 242 1208 Pieridum
256 1161 359 1218 lumen,
376 1159 559 1227 praesidiumque
573 1160 630 1210 lori.

83 1229 215 1284 Maternus
230 1231 326 1284 Cottas·
335 1234 395 1292 cui,
411 1231 579 1299 Mellallasque
593 1247 707 1299 paternos
720 1265 728 1292 ,

122 1303 230 1354 Maxima
246 1307 360 1358 nobilitas
374 1306 520 1373 ingeminata
536 1306 613 1358 dedit.
647 1323 649 1327 ·

84 1377 179 1428 Dicere
194 1379 216 1431 ti
231 1378 267 1429 ias
283 1379 336 1438 est,
353 1381 421 1430 claro
435 1395 489 1430 mea
504 1379 601 1432 nomine
616 1377 707 1438 Musa,
804 1394 838 1443 45

120 1451 205 1516 Atque
221 1451 285 1502 inter
299 1464 400 1511 tantos,
419 1469 473 1518 quae
488 1453 631 1520 legeretur,
650 1465 713 1506 erat.
798 1459 802 1470 ⁴

83 1523 152 1590 Ergo
166 1523 300 1576 submottuu
313 1525 390 1591 patria
401 1525 575 1590 proscindere,
594 1527 687 1587 Livor,

122 1597 239 1655 Desine;
255 1615 305 1648 neu
319 1597 415 1649 cineres
430 1599 533 1666 sparge,
550 1611 669 1657 eruente,
686 1615 764 1650 meos.

85 1669 178 1721 omnia
193 1671 340 1737 perdidimus
352 1687 360 1722 t
373 1672 540 1724 tantummodo
555 1673 605 1724 vita
621 1671 702 1722 relide
719 1674 752 1730 eli
764 1705 772 1731 ,

124 1743 235 1794 Praebeat
251 1756 279 1795 ut
295 1744 387 1795 sensum
403 1745 574 1812 materiamque
589 1747 675 1799 malin·
808 1760 842 1809 50

85 1815 156 1883 Quid
168 1815 237 1883 juvat
249 1816 378 1871 exstinctos
391 1819 482 1871 ferrum
497 1819 625 1871 demittere
638 1819 666 1869 in
682 1816 770 1888 artus?

124 1892 184 1944 Non
197 1892 272 1942 habet
287 1892 315 1942 in
328 1892 399 1955 nebit
412 1892 462 1959 jam
476 1909 542 1946 noua
557 1894 627 1961 plaga
642 1896 734 1953 locum.

118 2066 680 2137 nrrsroaanunraxr'onto
698 2059 829 2132 arms.
