1975 3700
258 768 758 859 ov1D11
860 683 1480 855 NAsoN'IS

156 965 445 1085 Fa&
509 967 587 1086 S
649 965 764 1084 T
824 963 953 1086 Ο
1015 969 1145 1083 R
1204 967 1352 1090 ‘U
1406 964 1634 1082 M*

577 1190 1069 1260 LIBER
1173 1194 1255 1263 V.

248 1405 253 1410 ·
313 1396 577 1435 uanus
601 1417 617 1443 ,
641 1385 772 1435 unde
798 1380 1131 1451 putem-Maio
1162 1382 1272 1434 data
1300 1381 1494 1432 nomina
1517 1377 1705 1435 mensi?

307 1458 422 1506 Non
450 1457 559 1507 satis
593 1457 659 1508 est
690 1457 874 1524 liquido
906 1457 1101 1524 cognita
1131 1456 1269 1509 causa
1298 1457 1432 1505 mihi.

156 1531 234 1580 Ut
264 1529 349 1580 stat
374 1562 391 1587 ,
433 1532 485 1581 &
514 1532 731 1581 incertus
766 1535 858 1597 qua
890 1532 953 1581 sit
982 1529 1072 1580 sibi
1105 1530 1257 1579 nescit
1285 1529 1494 1579 eundum
1518 1562 1535 1587 ,

234 1601 357 1652 cem
391 1604 523 1653 videt
555 1621 617 1652 ex
646 1604 775 1654 omni
804 1616 943 1667 parte
973 1603 1133 1652 viator
1162 1603 1257 1653 iter
1281 1619 1297 1659 ;

155 1675 238 1725 sic
264 1709 280 1730 .
319 1677 429 1742 quia
462 1675 594 1740 poffe
629 1677 767 1726 datur
793 1676 1002 1727 diversas
1031 1675 1239 1725 reddere
1273 1675 1433 1724 causas
1457 1708 1474 1732 ‚
1602 1686 1628 1734 5

233 1749 346 1812 Qua
380 1749 511 1798 ferar
536 1749 746 1814 ignor03
780 1750 1016 1814 copiaque
1047 1747 1343 1812 ipsamocet.

155 1821 331 1872 Dicite
356 1856 371 1881 ,
418 1839 522 1888 quae
547 1821 718 1872 fontes
751 1822 1081 1889 Aganippidos
1115 1820 1453 1888 Hippocrenes

236 1894 390 1945 Grata
422 1895 662 1945 Medusaei
691 1896 825 1963 signa
858 1895 1038 1946 tenetis
1068 1895 1197 1960 equi.

153 1968 431 2019 Diffensere
467 1969 568 2032 deae
593 1986 608 2019 τ
633 1986 832 2037 quarum
862 1968 1181 2036 Polyhymnia
1216 1966 1364 2032 coepit

233 2042 428 2093 Prima:
455 2042 600 2092 silent
630 2044 736 2092 aliae
765 2076 778 2101 .
812 2043 1029 2108 dictaque
1063 2053 1224 2091 mente
1259 2052 1450 2090 notant.
1607 2052 1669 2087 ιο

157 2112 268 2163 Post
287 2116 435 2166 chaos
459 2149 474 2175 ,
513 2129 570 2166 ut
587 2114 791 2182 primstm
814 2117 924 2166 data
945 2116 1053 2165 sunt
1071 2115 1164 2165 tria
1186 2131 1391 2179 corpora
1411 2111 1593 2162 mundo
1614 2146 1627 2170 ,

234 2188 383 2255 Inque
415 2205 568 2240 novas
600 2189 784 2255 species
816 2205 962 2239 omne
995 2188 1203 2240 recessit
1234 2203 1396 2252 opus;

154 2258 380 2311 Pondere
409 2276 540 2311 terra
573 2262 658 2311 suo
690 2262 895 2323 subsedit
919 2295 934 2320 ,
973 2262 1025 2311 &
1055 2276 1249 2326 aequora
1280 2259 1467 2316 traxit3

233 2335 300 2383 At
331 2336 506 2383 coelum
536 2335 709 2385 levitas
739 2335 791 2384 in
822 2337 930 2384 loca
963 2335 1140 2384 summa
1174 2333 1303 2382 tulit.

156 2406 245 2454 Sol
273 2423 470 2472 quoque
498 2424 606 2456 cum
633 2408 779 2457 stellis
807 2407 938 2459 nulla
969 2408 1205 2475 gravitate
1232 2416 1450 2455 retentus
1474 2436 1490 2464 ‚
1605 2417 1623 2453 1
1641 2419 1663 2464 5

232 2479 295 2527 Et
323 2495 413 2527 vos
445 2480 657 2531 Lunares
687 2481 938 2530 exsiluistis
971 2480 1102 2545 equi.

156 2552 254 2601 Sed
284 2568 444 2616 neque
473 2566 604 2603 terra
632 2554 713 2602 diu
745 2555 872 2602 coelo
902 2586 917 2612 ,
955 2570 1048 2601 nec
1083 2566 1247 2601 cetera
1275 2551 1462 2602 Phoebo

232 2624 399 2673 Sidera
433 2626 668 2674 cedebant
699 2642 715 2676 ι
741 2641 826 2690 pat
859 2638 963 2675 erat
992 2626 1144 2676 omnis
1177 2626 1356 2683 honos.

155 2698 297 2763 Saepe
327 2697 500 2762 aliquis
531 2698 651 2748 sotio
673 2732 691 2757 ,
720 2700 850 2763 quod
881 2712 930 2747 tu
954 2731 970 2755 ‚
1006 2699 1207 2748 Saturne
1231 2733 1248 2757 ,
1281 2699 1484 2747 tenebas
1506 2729 1520 2753 ,

231 2769 382 2820 Ausus
417 2770 476 2819 de
510 2771 666 2821 media
698 2773 842 2837 plebe
872 2772 1039 2823 sedere
1066 2773 1226 2831 Deus.
1506 2805 1515 2817 .
1599 2783 1665 2818 20

154 2844 218 2895 Et
249 2846 372 2901 latas
407 2843 612 2895 Oceano
648 2846 893 2912 quisquam
919 2844 1059 2895 Deus
1092 2846 1276 2897 advena
1306 2842 1462 2908 junxit
1484 2860 1504 2901 3

223 2916 414 2988 Tethys
449 2917 500 2969 &
534 2932 757 2973 extremo
793 2920 915 2986 saepe
945 2931 1145 2985 recepta
1170 2919 1283 2985 loco
1321 2917 1408 2969 est.
