1975 3700
191 211 267 285 230
309 188 833 258 P.Or11211Nasou1s

190 310 235 359 Me
252 308 382 357 miserum.
377 306 417 341 '⁸
398 322 418 357 ιι
432 318 478 365 ιιι,
497 305 556 371 ciam
553 306 651 356 diceris
660 306 755 356 exsulis
769 320 852 366 uxor,

149 400 180 446 50
229 381 328 430 Avertis
344 382 445 439 vultus,
453 380 494 431 ’δι
508 365 570 429 subit
585 396 628 429 ora
640 368 728 428 rubba.

190 454 235 504 Me
250 454 359 503 miserum
376 453 421 502 l
402 470 422 505 ιι
438 463 510 519 turpe
526 466 596 518 putas
609 452 667 501 ua'hi
681 464 755 519 nupta
770 454 860 504 videri.

226 528 270 577 Me
287 528 395 577 miserum
413 527 456 577 l'
437 545 458 577 si
472 540 498 577 te
515 525 562 591 jam
576 526 654 592 pudet
667 526 715 575 elle
729 542 818 575 meam.

191 600 301 667 Temput
314 602 355 649 ubi
368 600 401 650 est
414 601 492 659 illud,
512 616 560 665 quo
575 613 602 649 te
615 599 704 664 jaune
719 600 820 649 solebas·

227 672 361 743 Conjuge,
381 690 426 723 nec
441 690 531 723 numen
546 673 697 721 dissimulare
711 672 782 721 viti³

105 772 108 777 ¹
147 749 301 813 55Tempus
312 748 352 797 ubi
363 746 415 803 est
431 760 538 813 quote,
552 763 597 795 mu
608 762 628 795 sa
621 746 701 812 fugas
711 746 753 794 alla
763 747 882 803 referre
959 795 960 798 ,

227 820 258 869 Et
277 820 343 878 dici,
361 820 478 878 memini,
497 818 602 885 juvit&
620 817 783 868 effcmcam?
959 829 960 832 ’

190 896 273 959 thue
284 896 367 959 pcobae
379 894 475 961 dignum
487 893 537 951 est,
550 907 616 941 οπιιιι
608 892 670 941 tibi
681 892 739 941 dote
750 893 886 973 placebam.

227 967 341 1017 Addebat
355 966 420 1017 veris
436 966 511 1015 multa
525 966 630 1015 faventis
645 970 723 1015 ειιιιοι.Ι
905 1020 909 1026 p
959 983 960 988 ¹

190 1041 245 1091 Nec
261 1056 331 1106 quem
346 1040 492 1106 praelcrres,
506 1039 539 1088 ita
553 1054 592 1088 res
606 1039 651 1087 tibi
665 1042 750 1105 mag'na
764 1038 887 1099 videbar,

145 1110 180 1161 60
229 1112 341 1176 Quemve
355 1125 423 1163 tuum
437 1112 523 1161 malles
539 1111 647 1169 cllo,
622 1128 660 1161 vu
674 1114 737 1161 alter
751 1126 813 1162 erat.
959 1169 960 1176 χ

164 1184 236 1237 Nunc
248 1202 344 1253 quoque
354 1203 384 1236 ne
394 1186 500 1252 pudeat,
509 1186 574 1252 qtlod
585 1185 617 1234 ais
626 1185 685 1233 mibi
695 1198 769 1251 nupta
780 1198 906 1255 :tuusque

227 1259 285 1309 Non
301 1260 372 1309 dolor
384 1260 441 1308 hinc
455 1260 549 1317 debet,
566 1258 643 1308 debet
657 1258 735 1307 abeffe
750 1260 840 1325 pudor.

192 1330 254 1382 Cum
270 1332 358 1382 cecidit
374 1330 502 1399 Capaneus
517 1331 596 1381 subito
611 1332 754 1382 temerarius
769 1333 842 1392 iclu,

228 1407 292 1455 Num
308 1406 368 1473 legis
383 1405 501 1455 Euadnen
517 1404 674 1455 crubuille'
649 1403 729 1455 νιιο)

147 1475 179 1541 65
192 1470 270 1536 Nec,
282 1479 336 1545 quia
346 1476 400 1528 Rex
410 1480 492 1527 mundi
504 1478 653 1543 compescuit
663 1476 775 1547 ignibus
767 1489 859 1545 ignet,

228 1552 280 1617 lpse
297 1552 363 1611 tuis,
383 1550 529 1609 Phaethon,
547 1550 689 1601 inficiandus
703 1564 777 1601 cras.
847 1596 853 1606 s

192 1626 247 1674 Nec
263 1624 358 1675 Semele
375 1622 469 1673 Cadmo
485 1624 547 1675 facta
561 1624 595 1673 cst
608 1625 686 1673 alicua
702 1624 815 1690 parenti,

228 1696 304 1765 Quod
318 1697 431 1765 precibus
447 1698 520 1763 petiit
535 1697 658 1747 ambitiosa
673 1697 730 1747 suis.
760 1706 764 1725 ¹

192 1772 246 1822 Nec
258 1772 301 1821 tibi
313 1804 320 1830 ,
335 1770 400 1838 quod
411 1770 479 1821 saetis
490 1787 539 1838 ego
548 1771 601 1819 sum'
610 1770 681 1822 lovis
690 1769 784 1837 ignibus
795 1768 857 1820 illus
870 1804 879 1830 ,

147 1859 182 1908 70
231 1844 368 1912 Purpureus
384 1846 451 1895 molli
465 1842 507 1894 fiat
523 1844 548 1894 in
563 1861 607 1894 ote
622 1845 717 1895 rubor:
753 1865 757 1871 ’

191 1917 239 1968 Sed
253 1919 328 1987 magis
343 1918 368 1968 in
382 1917 454 1968 nostri
471 1935 552 1968 curam
568 1918 686 1985 consurge
702 1917 808 1975 tu'cndi,

228 1991 419 2060 Exemplumque
434 1989 491 2040 mihi
508 1989 619 2060 conjugis
636 1991 686 2041 cllo
702 1991 795 2040 bonae:

191 2063 369 2131 Materiamque
386 2063 434 2115 luis
450 2063 541 2114 tristem
555 2064 686 2114 virtutibus
699 2064 783 2130 imple.

229 2137 312 2188 Ardua
326 2151 370 2204 pet
385 2155 493 2206 praeceps
508 2138 584 2204 gloria
598 2137 692 2186 vadat'
684 2149 741 2187 uer.

150 2225 182 2272 75
196 2209 302 2262 Hestora
318 2211 371 2280 quis
386 2211 479 2270 nollet,
499 2227 519 2259 st
512 2210 592 2259 felix
607 2208 692 2275 Troja
687 2205 806 2268 fuisset?

229 2283 326 2334 Publica
340 2285 434 2335 Virtuti
449 2300 493 2366 per
506 2282 574 2332 maia
582 2282 654 2332 flua
658 2283 698 2332 vla
712 2280 757 2332 cst.

190 2354 237 2406 Ars
248 2369 289 2406 tua
300 2352 421 2424 ,Tiphy3
431 2355 516 2422 jacet,
528 2368 554 2405 ιι
558 2373 608 2405 ιιοιι
617 2355 677 2405 slt
658 2368 683 2405 m
693 2355 791 2425 &quote
802 2355 889 2404 lullus

192 2429 252 2478 Si
268 2432 364 2480 valeant
378 2430 509 2487 homines,
527 2445 565 2478 ars
579 2432 638 2487 tu'a,
643 2428 766 2486 tum-,tn
785 2427 862 2493 iacet.

192 2499 255 2564 Quae
269 2503 375 2561 latet,
368 2521 440 2570 mque
457 2502 528 2553 bonis
545 2500 618 2552 cessat
631 2519 682 2551 ιιοιι
697 2502 796 2568 cognita
810 2504 885 2551 rebus
900 2531 906 2558 .

148 2573 182 2624 80
230 2575 339 2642 Apparet
353 2577 430 2626 virtus
445 2577 601 2644 arguiturque
617 2576 694 2625 malis.

190 2647 242 2699 Dat
255 2649 299 2698 tibi
312 2649 391 2700 nostra
404 2651 486 2700 locum
500 2648 565 2705 tituil
578 2647 691 2698 l'o'r't'una·
695 2665 706 2707 3
723 2659 845 2714 caputque

104 2718 108 2724 '
229 2719 391 2789 conspicuum
407 2721 484 2789 pietas
501 2720 706 2790 plumulae,
722 2720 806 2772 babet.
845 2735 849 2743 ·

191 2793 269 2844 Utere
280 2797 447 2862 temporibus,
464 2790 565 2863 quorum
575 2794 640 2844 bunc
650 2790 750 2845 muiteue
762 2795 826 2845 steca
843 2808 879 2846 es.

230 2867 266 2916 En
281 2879 348 2935 patet
361 2869 386 2920 in
403 2869 486 2920 laudes
504 2880 558 2918 area
572 2865 619 2919 lata
632 2867 697 2918 tuau'
