1975 3700
209 265 280 337 ¹42
318 244 362 314 P.
387 242 586 316 Or'rmr
610 247 852 320 NAsonrs

142 388 176 437 27
181 386 193 436 5
207 369 240 418 Ni
256 382 366 416 convexa
381 366 465 424 foret,
479 367 544 433 parti
559 366 663 417 vicinior
680 367 760 427 eiiet;

239 441 295 490 Nee
311 440 415 489 medium
432 452 521 490 terram
535 441 640 492 mundus
653 441 756 491 haberet
772 456 851 495 onus.

205 514 267 566 Arte
283 513 411 580 Syracosii
427 512 551 579 suspensus
565 513 591 563 in
606 515 664 563 a'e're
681 514 762 565 clauso

241 588 295 638 Stat
310 588 416 653 globus,
433 586 542 637 immensi
557 602 630 651 parva
646 586 723 654 figura
738 587 800 653 poli.

204 659 236 711 Et
253 672 366 726 quantum
380 676 395 707 a
411 660 529 719 summis,
546 671 640 709 tantum
657 661 757 711 secessit
772 664 803 711 ab
819 661 880 715 imis

142 738 195 791 280
242 734 320 783 Terra
332 748 339 783 ε
352 732 418 798 quod
434 747 463 785 ut
477 732 538 791 frat.
559 734 638 783 forma
652 734 755 784 rotunda
770 734 845 785 facit.

204 806 250 859 Par
266 806 340 856 iacies
357 807 441 872 templi
454 822 461 856 z
474 809 553 857 nullus
570 807 692 871 procurrit
705 809 732 856 in
746 808 790 857 illo

240 879 350 946 Anguiut
362 895 395 929 :a
412 879 497 946 pluvio
511 879 619 929 vindicat
633 881 710 930 imbre
725 881 818 931 tholus.

205 953 257 1004 Cur
270 953 302 1002 sit
317 952 451 1020 virgineis,
470 952 577 1020 queris,
594 953 653 1002 Dea
667 954 733 1003 culta
746 954 864 1006 ministris
875 954 888 1006 ἓ

240 1025 364 1077 Inveniam
382 1025 462 1075 causas
479 1028 526 1084 hac
542 1042 641 1093 quoque
656 1038 726 1092 parte
743 1026 807 1077 suas.

142 1104 192 1167 285
206 1100 243 1152 Ex
254 1100 312 1165 Ope
327 1098 448 1152 lunonem
461 1112 596 1149 memorant
605 1100 771 1167 Cereremque
786 1113 889 1153 creatas

240 1173 337 1223 Semine
353 1172 470 1222 Saturni:
482 1173 556 1223 tertia
570 1171 645 1224 vena
660 1172 713 1223 fuir.

203 1248 314 1313 Utraque
326 1246 456 1312 nupserunt
467 1262 476 1304 3
494 1247 570 1295 arnbae
583 1245 702 1312 peperiffe
718 1245 856 1299 feruntur:

238 1319 281 1369 De
296 1319 373 1369 tribus
387 1318 515 1384 impatiens
529 1318 616 1369 restitit
630 1335 678 1368 una
694 1319 750 1369 viri.

204 1392 271 1458 Quid
286 1392 390 1451 mirum,
409 1392 480 1460 virgo
496 1393 518 1443 si
532 1392 626 1460 virgine
642 1394 698 1442 laeta
712 1392 819 1444 ministri

141 1482 194 1534 ²90
240 1464 355 1537 Admittit
371 1464 444 1515 castas
460 1465 485 1515 in
501 1466 543 1515 sua
557 1465 623 1515 sacta
639 1464 745 1516 manus?

202 1540 257 1590 Nec
266 1550 294 1587 tu
303 1537 367 1587 aliud
376 1537 484 1596 Vestam,
496 1541 566 1605 quim
576 1538 656 1588 vivam
665 1538 775 1605 inteilige
786 1540 922 1595 flammam.

238 1613 350 1679 Nataque
364 1610 395 1666 ,de
408 1610 503 1661 flamma
519 1628 623 1678 corpora
639 1613 705 1661 nulla
719 1613 801 1663 vides.

200 1686 260 1739 Jure
276 1685 349 1753 igitur
364 1682 434 1751 virgo
450 1683 504 1742 est,
519 1701 574 1751 qua
591 1684 678 1734 semina
692 1687 757 1735 nulla
772 1687 904 1747 remittit,
964 1728 968 1735 .

236 1760 291 1809 Nec
308 1757 372 1824 capit
385 1772 393 1807 t
404 1757 430 1807 δι
446 1757 549 1808 comites
561 1758 704 1825 virginitatis
720 1759 806 1809 habet⁴

139 1851 188 1903 295
202 1830 255 1884 Effe
272 1830 313 1882 diu
329 1831 411 1881 stultus
426 1829 509 1882 Vestae
526 1830 654 1881 simulacra
668 1832 750 1898 putavi
766 1848 775 1883 t

236 1906 300 1956 Mox
315 1904 386 1954 didici
402 1920 478 1954 eiuro
495 1905 561 1955 nulia
577 1905 667 1955 iubeffe
682 1906 763 1956 tholo.

200 1980 265 2048 ignis
281 1976 431 2028 inexstinftus
446 1978 540 2044 templo
553 1979 651 2028 'celatur
667 1979 691 2028 in
704 1975 756 2028 illo.

237 2048 347 2117 Effigiem
362 2051 451 2100 nullam
466 2051 559 2109 Vesta,
575 2067 622 2100 nec
637 2051 720 2119 ignis,
737 2051 844 2104 habent.
937 2109 944 2118 ¹

200 2125 253 2176 Stat
268 2125 293 2173 vi
308 2136 373 2175 terra
390 2123 430 2173 sui
442 2138 450 2174 t
464 2125 490 2172 vi
506 2123 589 2174 stando
606 2124 681 2182 Vesta
693 2136 807 2175 vocatur.

139 2216 190 2268 300
238 2197 363 2266 Causaque
378 2213 421 2262 par
439 2194 510 2261 Graji
526 2197 632 2247 nominis
646 2196 693 2247 effe
707 2196 798 2264 potest.

199 2271 233 2324 At
248 2272 318 2321 focus
335 2269 477 2328 mammis,
491 2269 518 2319 ἀ
533 2267 681 2336 quidforet
695 2271 794 2328 omnia,
813 2271 916 2324 distus:

232 2345 287 2409 Qui
300 2357 381 2394 tamen
395 2344 420 2392 in
434 2343 515 2410 primis
530 2343 620 2394 edibus
634 2355 692 2394 ante
706 2343 762 2394 fuit.

198 2418 263 2470 Hinc
278 2430 375 2484 quoque
387 2415 531 2466 vestibulum
546 2416 594 2466 dici
606 2433 683 2468 reor:
694 2416 751 2468 inde
765 2420 900 2484 precando

232 2489 341 2542 Affamur
355 2489 471 2548 Vestam,
491 2488 556 2554 Quae
570 2491 624 2540 ioca
640 2490 717 2555 prima
731 2503 813 2541 tenes.

136 2581 186 2634 305
199 2563 265 2616 Ante
282 2563 352 2614 iocos
367 2563 424 2612 olim
441 2564 520 2630 longis
536 2562 663 2613 considere
681 2563 781 2614 scamnis

232 2635 290 2687 Mos
308 2647 380 2694 erat;
397 2635 423 2686 δε
438 2636 524 2686 mensae
542 2635 643 2687 credere
658 2636 737 2686 adeffe
753 2637 836 2689 Deos.

196 2713 268 2762 Nunc
286 2725 401 2776 quoque,
419 2706 473 2758 crim
486 2709 548 2759 fiunt
562 2709 668 2776 antique
682 2709 748 2760 sacra
758 2711 894 2772 Vacunae,

233 2783 300 2834 Ante
313 2781 452 2832 Vacunales
467 2781 576 2848 stantque
589 2780 721 2850 sedentque
737 2783 820 2835 focos.

194 2857 274 2912 Venit
288 2857 314 2906 in
329 2856 375 2905 nos
392 2871 468 2905 annot
482 2855 570 2921 aliquid
585 2856 624 2906 de'
633 2872 702 2906 more
714 2855 831 2907 vetusto:

134 2946 185 2998 3¹0
234 2931 292 2982 Fert
307 2928 386 2981 nu'ffos
401 2927 483 2985 Veste
499 2945 559 2996 puta
575 2930 665 2996 patella
681 2929 760 2982 cibos.
