1975 3700
348 748 854 837 OVIDII
942 742 1570 834 NASONIS

482 924 1462 1003 EPISTOLARUM

300 1110 1702 1238 EXPONTO

450 1325 862 1395 LIBER
962 1321 1506 1393 PRIMUS.

366 1491 1057 1578 EPISTQLA
1152 1488 1594 1552 PRIMA.

717 1649 1276 1709 BRUTO..

241 1747 423 1870 NA
441 1829 467 1866 s
486 1824 522 1867 o
556 1813 828 1867 Tomitanae
858 1814 956 1882 jam
985 1829 1085 1865 non
1114 1811 1463 1864 novus‘incola
1494 1823 1642 1865 terre

321 1889 434 1939 Hoc
465 1890 558 1939 tibi
589 1891 649 1940 de
687 1889 872 1941 Getico
902 1890 1050 1938 litore
1080 1887 1225 1937 mittit
1256 1902 1396 1953 opus.

245 1963 298 2013 si
326 1975 470 2012 vacat
490 1995 505 2021 ‚
543 1962 754 2029 hospitio
783 1962 1066 2029 peregrinos
1089 1993 1106 2019 ‚
1133 1960 1284 2010 Brute
1310 1994 1325 2018 ,
1356 1959 1551 2010 libellos

317 2035 502 2101 Excipe
524 2068 540 2094 ,
577 2036 787 2102 dumque
819 2035 982 2100 aliquo
1004 2068 1020 2093 ,
1051 2034 1269 2099 quolibet
1304 2034 1426 2082 abde
1446 2066 1463 2091 ,
1498 2034 1634 2083 loco.

243 2106 449 2159 Public‘a
482 2124 582 2159 non
613 2109 795 2159 audent
827 2108 956 2158 inter
985 2119 1297 2157 monumenta
1329 2106 1496 2156 venire
1522 2138 1540 2164 ‚
1692 2118 1719 2167 5

318 2183 398 2232 Ne
432 2181 542 2231 suus
571 2182 667 2231 hoc
699 2182 792 2230 iuis
826 2181 1051 2246 clauserit
1083 2180 1247 2229 auftor
1282 2178 1394 2228 iter.

244 2254 326 2305 Ah
352 2254 365 2303 !
395 2254 588 2319 quoties
620 2252 761 2304 dixi?
794 2252 950 2303 Certe
977 2255 1047 2303 nil
1080 2265 1223 2318 turpe
1258 2250 1469 2301 docetis-

318 2327 397 2376 Ite
422 2344 435 2377 ε
460 2338 598 2393 patet
625 2326 760 2376 castis
787 2327 1007 2377 versibus
1037 2327 1119 2375 ille
1152 2327 1312 2374 locus·

243 2400 554 2450 Non'tamen
578 2400 820 2449 accedunt
848 2415 862 2449 ι
894 2399 976 2455 sed
999 2432 1015 2457 ‚
1035 2391 1106 2449 'ut
1133 2397 1301 2463 aspicis
1328 2395 1426 2463 ipse
1453 2429 1470 2456 ,
1501 2397 1657 2448 latere

318 2472 417 2522 Sub
445 2473 566 2522 Lare
601 2473 790 2537 privato
822 2472 971 2522 tutius
1007 2470 1099 2521 effe
1133 2482 1320 2538 putant.
1692 2483 1756 2520 ιο

247 2545 441 2608 Quaetis
465 2579 480 2603 ,
517 2545 598 2594 ubi
625 2547 713 2595 hos
744 2546 898 2610 possis
931 2545 1068 2595 nullo
1102 2557 1399 2610 componere
1430 2540 1590 2594 laeso?

318 2617 433 2681 Qua
467 2617 696 2668 steterant
723 2618 868 2669 Artes
892 2651 908 2677 ,
940 2635 1051 2683 pars
1079 2630 1223 2668 vacat
1252 2619 1336 2668 illa
1365 2618 1474 2665 tibi.

243 2690 377 2755 Quid
410 2691 608 2741 veniant
627 2724 643 2749 ,
679 2691 898 2741 novitate
925 2707 1071 2757 roges
1105 2690 1296 2741 fortasse
1328 2690 1411 2739 sub
1442 2688 1570 2755 ipsa:

318 2764 503 2828 Accipe
527 2796 542 2823 ‚
567 2763 903 2830 quodcumque
925 2763 994 2814 est
1017 2796 1031 2821 ‚
1058 2763 1317 2814 dummodo
1340 2779 1436 2811 non
1460 2762 1521 2811 sit
1542 2778 1695 2812 amor.

243 2836 509 2893 Invenies„
546 2837 761 2901 quamvis
791 2854 891 2887 non
921 2836 987 2887 est
1017 2836 1293 2887 miserabilis
1325 2836 1469 2884 index
1497 2867 1511 2891 ‚
1692 2848 1710 2885 ι
1726 2849 1751 2898 5

310 2910 358 2961 N
365 2926 426 2960 on
461 2910 614 2962 minus
648 2911 743 2963 hoc
774 2910 859 2963 ino
891 2909 1021 2963 triste
1048 2937 1064 2971 2
1100 2910 1231 2977 quod
1262 2920 1375 2961 ante
1412 2908 1571 3029 όῖῖῖἰῖμ

1291 2990 1319 3033 ι’
1524 2996 1573 3046 ιι]
