1975 3700
198 212 270 282 190
320 189 362 260 Ρ.
391 190 583 260 Orruit
611 190 841 260 NAsonts

132 327 183 378 275
197 311 236 361 Sic
253 309 326 378 igitur
341 323 456 365 carmen,
472 306 538 355 retii
553 305 574 354 si
588 320 671 356 mente
686 310 803 375 legatur,

231 381 357 432 Constabit
373 381 431 430 nulli
448 379 514 446 polle
530 395 641 437 nocere,
659 397 749 431 meum.

194 457 228 508 Ar
243 455 354 522 quiddam
367 453 419 503 vitii
431 453 575 520 quicumque
588 453 645 502 hinc
660 456 787 521 concipit,
805 471 890 510 errat:
967 469 973 483 ·

231 529 263 578 Et
280 525 376 577 nimilun
389 527 482 594 scriptis
497 526 599 594 abrogat
611 527 653 575 ille
670 529 741 578 meis.

109 619 111 626 ’
193 605 229 656 Ut
244 614 324 651 tumen
334 601 382 650 hoc
394 600 488 650 fatear:
503 600 553 648 ludi
564 616 662 666 quoque
674 601 764 652 semina
775 607 889 670 praebent

133 679 183 729 280
233 675 354 740 Nequitiae
370 689 378 724 t
392 673 448 723 tolli
463 684 516 722 tota
531 673 625 722 theatra
640 672 698 738 jube
714 708 721 730 ,

190 747 313 800 Peccandi
327 746 421 796 causam
437 763 490 813 quae
506 747 588 795 multis
605 746 668 810 saepe
684 749 827 809 dederunt,

230 820 320 872 Martia
338 817 392 870 edm
410 821 494 870 durum
509 816 591 868 sternit
606 835 678 868 arena
692 821 784 871 solum.

191 896 306 946 Tollatur
323 893 430 952 Circum
447 909 497 942 non
512 903 564 941 tuta
581 893 678 942 licentia
695 893 786 948 Circi:

229 969 278 1020 Hic
295 967 362 1018 sedet
378 968 464 1034 ignoto
480 965 562 1032 juncia·
575 968 655 1031 puella
669 967 735 1023 viro,

132 1045 163 1097 28
169 1061 180 1112 5
196 1041 258 1094 Clam
269 1041 376 1108 quaedam
387 1041 518 1106 spatientur
528 1040 552 1088 in
562 1040 607 1088 bac
618 1073 626 1098 ,
642 1051 670 1088 ut
678 1052 773 1090 amator
783 1041 871 1093 eidem

230 1115 387 1173 Conveniat,
407 1129 480 1181 quere
496 1112 605 1180 porticus
621 1114 669 1162 ulla
684 1113 778 1180 patet?

193 1189 255 1254 Quis
267 1191 336 1238 locus
347 1187 380 1238 est
389 1185 485 1253 templis
496 1183 637 1254 augustiori
648 1188 701 1236 haec
712 1205 813 1256 quoque
825 1189 904 1249 vitet,

95 1269 97 1274 ’
229 1263 257 1312 ln
275 1263 369 1328 culpam
387 1261 407 1310 si
424 1277 471 1327 qua
487 1258 522 1308 est
537 1259 661 1327 ingeniosa
677 1261 753 1311 suam.

192 1335 255 1386 Cirm
272 1333 364 1386 steterit
378 1332 446 1387 Jovis
461 1333 532 1392 aede,
550 1331 618 1386 Jovis
632 1333 756 1385 succurret
771 1335 798 1386 in
814 1337 889 1398 aede,

131 1426 182 1478 290
231 1407 310 1472 Qualm
326 1413 412 1458 multis
429 1419 518 1457 matres
536 1407 625 1458 fecerit
641 1407 682 1458 ille
698 1407 780 1459 Deus.
817 1468 820 1475 Ι

192 1482 303 1534 Proxima
316 1481 427 1533 adoranti
443 1480 550 1532 lunonia
564 1482 653 1546 templa
667 1480 777 1540 subibit,

228 1553 358 1605 Pellicibue
374 1554 455 1604 multis
471 1554 534 1603 hanc
550 1553 649 1604 doluisse
666 1555 757 1604 Deam.
795 1612 799 1616 .

190 1627 286 1680 Pallade
304 1624 448 1694 conspe'sli,
464 1639 547 1676 natum
564 1627 595 1676 de
609 1627 708 1677 crimine
723 1627 796 1694 virgo

227 1701 352 1752 Sustulerit
368 1717 460 1768 quare,
475 1713 585 1766 quaeret,
598 1700 794 1750 Erichthonium.

129 1791 161 1841 29
168 1793 178 1840 5
192 1775 298 1828 Venerit
309 1776 332 1824 in
343 1775 422 1842 magni
431 1774 563 1840 templum,
575 1784 617 1821 tua
628 1789 744 1832 munera,
757 1774 848 1824 Martis
858 1791 869 1833 3

229 1849 282 1900 Stat
298 1849 384 1899 Venus
401 1847 483 1899 Ultori
498 1845 579 1912 junda
593 1846 646 1896 viro
662 1860 718 1897 ante
732 1847 812 1897 sores.

191 1922 260 1973 Isidis
274 1920 326 1970 aede
343 1921 427 1970 sedens
441 1954 447 1979 ,
468 1937 513 1970 cur
526 1921 588 1969 hanc
602 1921 731 1979 Saturnia,
750 1933 845 1988 quaeret
858 1955 867 1981 ,

227 1994 311 2062 Egerit
327 1993 397 2044 Ionio
413 1993 580 2060 Bosporioque
595 1994 664 2044 mari.

190 2070 219 2119 ln
233 2068 333 2117 Venere
349 2066 485 2126 Anchises,
503 2067 527 2116 in
542 2068 610 2116 Luna
624 2063 730 2130 Latmius
744 2067 842 2129 heros,

129 2157 181 2208 300
230 2140 258 2191 ln
277 2141 369 2192 Cerere
384 2140 483 2199 lesion,
502 2141 543 2208 qui
559 2142 696 2200 reseratur,
715 2139 774 2191 erit.

191 2214 279 2265 Omnia
296 2215 417 2281 perversas
435 2212 529 2279 possunt
546 2230 703 2280 corrumpere
721 2210 840 2266 mentes:

227 2289 297 2337 Stant
315 2303 395 2339 tamen
411 2288 451 2337 illa
466 2287 511 2337 suis
527 2289 606 2338 omnia
622 2300 675 2344 tuta
690 2288 763 2340 locis.

190 2362 223 2413 At
238 2362 364 2426 proculab
381 2360 467 2425 scripta
482 2361 538 2411 solis
555 2362 724 2413 meretricibus
739 2356 805 2412 Arte'

154 2490 158 2499 ¹
227 2434 360 2485 Submovet
376 2434 492 2500 ingenuas
509 2436 595 2502 pagina
610 2436 685 2502 prima
699 2451 784 2485 nurus.

52 2551 56 2562 ,
128 2524 179 2573 305
194 2506 359 2573 Quaecumque
370 2506 497 2574 irrumpit,
515 2506 574 2593 qud
575 2524 624 2557 non
634 2510 691 2558 sinit
701 2510 738 2560 ire
748 2508 884 2568 sacerdos,

226 2579 339 2631 Protinus
357 2580 405 2630 hoc
420 2582 490 2631 vetiti
509 2582 612 2632 criminis
628 2582 679 2631 atla
695 2598 737 2632 rea
754 2582 797 2632 est.

189 2655 244 2705 Nec
260 2666 341 2703 tamen
358 2652 418 2703 eslf
406 2654 499 2704 facinus
514 2656 601 2706 molles
618 2656 735 2705 evolvere
749 2655 857 2707 versus:

226 2726 306 2777 Multa
321 2720 379 2776 licet
397 2727 465 2778 caslae
479 2744 529 2777 non
545 2728 654 2778 facienda
671 2731 766 2801 legant.

157 2800 260 2866 Saepe
277 2800 397 2866 supercilii
413 2802 488 2851 nudas
504 2813 613 2851 matrona
630 2802 727 2859 severi,

128 2886 180 2953 310
227 2876 260 2925 Et
276 2873 382 2929 Veneris
397 2874 483 2965 slantes
498 2874 529 2926 ad
544 2891 621 2944 genus
633 2884 729 2935 omne,
747 2873 829 2927 videt.
964 2843 979 3296 Ι
