1975 3700
204 258 519 327 Floronvrr
545 257 657 330 er.
685 260 718 332 Ι.
773 279 820 353 19

98 373 228 444 Sanguine
244 375 345 428 letilero
357 385 425 426 totus
442 376 581 429 miscebitur
595 379 685 440 orbis,

140 450 178 500 Ni
194 461 294 500 teneant
310 451 394 518 rigide
410 451 510 501 condita
526 453 590 503 bella
606 452 677 504 serae.

99 521 232 574 Praesideo
246 524 338 574 loribus
354 525 410 586 coeli
425 541 479 575 curn
490 526 588 576 mitibus
599 526 675 578 Horis
686 543 697 586 3
835 543 867 580 12
872 545 884 592 5

143 597 187 657 lt,
206 597 270 648 redit
280 595 362 648 officio
373 597 486 666 luppiter
498 599 549 664 ipse
562 616 630 653 meo.

99 669 169 721 Inde
182 687 260 722 vocor
275 669 349 723 Janus
361 687 369 722 r
382 673 422 722 cui
438 670 492 722 crim
507 672 612 724 Cereale
626 673 741 726 sacerdos

143 744 252 810 imponit
268 745 363 802 libum,
379 746 502 812 mixtaque
517 747 581 796 farre
593 747 656 806 sali,

102 816 214 888 Nomina
224 817 313 868 ridebis
326 835 334 868 ι
346 817 419 869 modi>
429 835 532 886 namque
541 819 664 872 Patulcius
675 821 761 882 idern,

146 889 180 940 Et
194 889 268 940 modo
279 891 387 942 sacrifico
400 892 501 944 Clusius
516 909 560 943 ore
572 910 660 946 vocor.
835 908 887 960 ¹30

102 961 210 1014 Scilicet
224 965 319 1013 alterno
330 966 409 1014 voluit
423 966 488 1016 rudis
502 966 543 1016 illa
554 967 660 1019 vetustas

143 1037 252 1087 Nomine
268 1038 373 1090 diversas
387 1038 524 1108 significare
537 1039 614 1091 vices.

102 1109 153 1166 Vis
170 1125 223 1161 mea
234 1125 330 1162 namara
344 1112 378 1162 est
390 1127 399 1164 e
412 1113 506 1163 caulem
521 1130 585 1164 nunc
600 1113 666 1165 disce
681 1113 776 1184 ligura.

142 1182 198 1236 Janr
209 1199 289 1236 tamen
299 1187 361 1236 hanc
370 1187 449 1254 aliqui
463 1199 490 1237 ru
500 1203 599 1253 quoque
609 1201 679 1254 parte
694 1191 773 1240 rides.
834 1203 886 1255 134

105 1255 196 1308 Omnis
205 1261 279 1309 hahet
287 1261 393 1327 geminas
404 1295 411 1319 ,
422 1261 480 1310 hinc
488 1273 563 1327 atque
570 1261 643 1320 hinc,
653 1261 725 1326 janua
733 1263 828 1314 frontes
837 1281 848 1324 3

145 1331 166 1380 E
180 1334 263 1398 quibus
275 1335 328 1384 haec
339 1335 455 1400 populum
467 1334 578 1399 speltae,
592 1345 619 1386 at
633 1336 674 1385 illa
684 1336 781 1387 Larem.

106 1404 211 1472 thue,
231 1407 317 1457 sedens
329 1409 408 1458 vester
418 1407 488 1474 primi
502 1424 601 1474 quoque
613 1409 696 1460 lmine
709 1410 768 1462 retii
781 1443 789 1470 ,

143 1477 157 1531 J
160 1481 241 1530 anitor
256 1479 361 1549 egress'us
377 1481 544 1548 introitusque
557 1481 647 1541 videt3

106 1551 148 1604 Sic
165 1570 213 1622 ego
227 1553 369 1622 prospicio,
388 1555 489 1605 coelestis
505 1554 595 1621 janitor
610 1556 691 1617 eulae,

143 1626 207 1678 ans
223 1639 304 1694 partes
320 1627 499 1695 Hesperiasque
516 1629 596 1680 simul.
831 1645 885 1694 140

104 1695 160 1752 ora
174 1701 245 1750 vides
257 1701 365 1752 Hecates
377 1703 403 1750 in
417 1714 467 1751 tres
480 1701 606 1768 vergentia
616 1713 719 1768 partes,

145 1773 236 1824 Servor
249 1785 277 1823 ut
288 1774 313 1823 in
325 1786 406 1825 ternas
423 1775 530 1842 compita
540 1774 602 1825 sella
613 1777 673 1827 vias.

105 1844 139 1899 Et
153 1846 212 1898 mihi
224 1881 232 1907 ,
249 1864 280 1899 ne
290 1847 355 1900 flexu
367 1848 468 1899 cervicis
484 1862 595 1917 tempora
604 1849 723 1916 perdam,

144 1920 274 1982 Cernere,
291 1940 341 1975 non
351 1936 419 1974 moto
430 1938 554 1990 corpore,
570 1924 627 1974 bine
639 1925 708 1976 licet.

106 1992 211 2048 Diuerat
223 2011 231 2048 t
244 1996 270 2048 &
279 1998 369 2057 vultu,
387 1998 408 2049 si
418 1998 485 2065 plura
498 1996 625 2064 requirere
636 2000 744 2059 vellem,
831 2012 880 2062 145

142 2070 174 2121 Se
189 2070 247 2121 mihi
258 2068 378 2122 difficilem
388 2088 438 2121 non
448 2071 521 2130 fore,
537 2070 607 2122 laffus
617 2084 681 2123 erat.

106 2142 184 2198 Sumsi
194 2144 297 2197 anitium
307 2178 316 2206 ,
334 2156 463 2214 gratmque
473 2146 533 2197 Deo
542 2162 593 2197 non
602 2146 702 2197 territus
712 2145 752 2215 egi
763 2162 772 2196 t

141 2218 274 2287 Verbaque
284 2219 334 2270 sum
346 2252 354 2278 ,
373 2218 481 2285 spedtrns
493 2251 501 2276 ,
517 2235 594 2284 peuce
605 2220 722 2278 locutus,
737 2220 845 2270 humum.

107 2290 176 2351 Dic,
192 2308 258 2360 age,
274 2292 405 2361 frigoribus
418 2310 491 2358 quare
502 2309 581 2343 novus
595 2292 681 2359 incipit
690 2292 789 2345 ennusi

142 2364 192 2430 Qui
207 2366 293 2417 melius
303 2384 348 2434 per
359 2383 404 2417 ver
416 2366 567 2433 incipiendus
582 2364 656 2417 erati
830 2380 881 2430 150

109 2438 196 2493 omnia
209 2452 270 2490 tunc
279 2440 369 2491 llorent
381 2455 389 2491 ε
401 2452 459 2491 tunc
472 2440 506 2490 eil
516 2456 581 2490 nore
589 2438 706 2507 temporis
715 2450 796 2492 etas:

142 2513 173 2563 Et
183 2530 246 2565 nove
258 2513 288 2564 de
301 2514 399 2582 gravido
414 2514 511 2580 palmite
523 2530 616 2581 gemma
627 2526 715 2566 tumet.

108 2587 139 2637 Et
149 2584 220 2639 modo
231 2589 339 2639 lonnatis
350 2586 462 2638 amicitur
471 2587 561 2638 vitibus
571 2588 643 2637 arbos
653 2620 662 2647 ,

144 2658 226 2711 Prodit
237 2661 264 2713 &
274 2662 299 2710 in
310 2661 423 2711 summum
433 2660 527 2711 seminis
540 2661 615 2712 herba
624 2662 700 2712 solum
712 2676 721 2711 r
755 2654 760 2663 '

108 2732 145 2785 Er
150 2734 256 2800 tepidum
268 2734 381 2785 volucres
392 2734 551 2784 concentibus
566 2735 622 2785 r'e‘ra
632 2736 758 2793 mulcent,
827 2748 875 2798 155

143 2806 213 2860 Ludit
223 2808 284 2861 &in
297 2808 391 2876 pratis,
408 2808 561 2876 luxuriatque
573 2843 580 2867 ,
599 2824 685 2873 pecus.

109 2880 258 2933 Tumblrndi
271 2882 334 2934 soles
346 2900 355 2943 3
372 2882 504 2951 ignotaque
514 2883 596 2949 prodit
605 2882 730 2942 hirundo,
773 2887 775 2890 ’

143 2953 172 3006 Et
185 2955 278 3008 luteum
288 2956 410 3011 celsl‘snb
420 2958 488 3010 trabe
499 2955 570 3026 fingit
583 2972 656 3025 opus·
685 2980 688 2985 ·
706 2980 710 2985 ·
