1975 3700
171 281 464 349 Tarsrrvrr
492 279 596 346 err.
622 280 680 345 II.
733 281 805 375 183

95 400 149 469 lpse
165 414 261 465 quoque
276 397 393 447 Ausonias
409 398 489 448 Caesar
504 411 642 465 matresque
658 416 780 469 nurusque

134 473 246 523 Carmina
263 472 388 539 turrigerae
406 470 489 523 dicere
503 471 574 537 jussit
591 473 652 539 Opi.

85 546 199 601 rJuss‘erat
214 546 241 595 dt
256 542 348 594 Phoebo
364 544 427 603 dici,
447 560 496 611 quo
509 559 620 613 tempore
636 546 708 597 iudos
818 563 850 612 25

8 615 14 687 ξ
132 618 223 673 Fecit,
243 628 304 682 quos
321 628 378 666 aetas
396 618 478 685 aspicit
495 636 542 668 una
559 620 641 669 semei.
683 636 686 641 ·

8 689 13 706 ¹
85 694 142 743 ‘His
158 706 249 757 precor
265 690 380 755 exemplis
395 702 438 739 tua
455 708 540 751 nune,
557 693 683 743 mitissime
699 692 802 754 Caesar,

132 764 186 815 Fiat
200 764 230 813 ab
245 763 344 829 ingenio
360 765 457 816 mollior
473 766 509 813 ira
524 782 590 815 meo.

11 869 12 877 ,
93 839 140 890 Ilia
158 837 254 903 quidem
269 836 329 902 justa
346 836 398 895 est,
414 852 459 885 nec
476 853 517 887 me
531 839 639 889 meruisse
656 842 771 908 negabo:

133 912 192 961 Non
206 906 269 960 adei>
286 908 366 960 nostro
383 910 444 977 fugit
460 911 489 959 ab
506 926 551 960 ore
567 912 655 977 pudor.
764 960 767 965 ,
819 928 854 979 30

8 1040 12 1058 1
94 985 164 1043 Sed,
186 984 231 1033 nisi
247 982 400 1049 peccassem,
419 983 477 1049 quid
491 994 519 1033 tu
536 985 673 1034 concedere
687 984 789 1052 posses?

132 1057 262 1107 Materiam
279 1056 356 1106 venia
371 1057 421 1105 sors
439 1056 483 1105 tibi
499 1057 578 1106 nostra
594 1058 669 1109 dedit.

8 1137 11 1152 ⁸
95 1131 140 1189 Si,
160 1132 257 1197 quoties
273 1129 382 1181 homines
400 1142 524 1195 peccant,
545 1130 585 1179 sua
601 1131 699 1180 fulmina
715 1132 795 1183 mittat

133 1204 147 1255 J
150 1205 263 1270 uppiter;
282 1203 370 1269 exiguo
385 1214 497 1269 tempore
511 1204 611 1253 inermis
624 1206 679 1255 erit.

95 1278 145 1327 Hic
162 1278 203 1327 ubi
221 1278 352 1333 detonuit,
375 1276 523 1343 strepituque
538 1279 657 1329 exterruit
676 1280 781 1337 orbem,
819 1293 833 1343 3
839 1294 851 1343 5

134 1350 220 1400 Purum
237 1350 346 1400 discussis
361 1351 415 1399 aira
432 1352 511 1400 reddit
528 1352 604 1418 aquis.

9 1490 10 1493 Ἴ
95 1423 155 1475 Jure
171 1424 243 1491 igitur
259 1424 402 1491 genitorque
420 1424 504 1473 Derim
519 1425 648 1491 redorque
664 1438 787 1475 vocatur:

133 1496 192 1547 Jure
210 1514 283 1563 capax
300 1498 401 1546 mundus
418 1497 450 1546 nil
467 1496 531 1547 Jove
548 1496 625 1562 majus
637 1500 721 1549 habet.

95 1568 137 1618 Tui
154 1586 272 1635 quoque,
289 1568 342 1619 crim
358 1568 444 1619 Patriae
459 1568 551 1619 Redor'
567 1571 666 1629 dicare,
684 1570 829 1638 Paterque;

125 1644 213 1703 *Utere
229 1658 297 1691 more
315 1642 365 1691 Dei
381 1658 469 1691 nomen
486 1644 599 1691 habentis
615 1645 688 1693 idem.
786 1701 789 1707 Ι
817 1660 853 1705 40

96 1716 175 1779 quue
191 1715 250 1765 iacis
267 1726 378 1764 :necte
396 1714 520 1781 quisquam
537 1715 685 1767 moderatius
699 1734 812 1784 umquam

133 1788 231 1854 imperii
249 1786 331 1854 potuit
348 1788 415 1837 irena
432 1800 517 1837 terrere
537 1788 582 1837 sui.

35 1870 37 1874 ’
95 1863 137 1912 Tu
153 1862 248 1912 veniam
266 1861 329 1928 parti
344 1861 460 1928 superatae
479 1862 540 1927 saepe
557 1861 664 1921 dedisti,

133 1937 192 1985 Non
210 1935 361 1985 conceffurus
377 1951 447 2001 quam
462 1935 507 1985 tibi
524 1935 602 1985 ridor
618 1949 681 1986 erat.

95 2009 195 2068 Divitiis
213 2009 285 2058 etiem
300 2010 389 2058 multos
408 2009 433 2058 δι
447 2009 581 2059 honoribus
597 2009 680 2058 audior
818 2027 849 2072 45

133 2083 191 2135 Vidi
206 2115 214 2142 ,
234 2083 276 2148 qui
291 2083 397 2132 tulerant
412 2082 436 2131 in
453 2095 527 2150 caput
542 2099 606 2132 arma
623 2095 701 2133 tuum.

97 2155 209 2221 Quaeque
227 2156 278 2206 dies
295 2157 405 2212 beilum,
423 2156 481 2204 belli
496 2156 543 2205 tibi
558 2155 648 2206 sustulit
663 2157 721 2206 iram
735 2171 746 2214 3

134 2227 239 2294 Parsque
255 2229 325 2278 simui
339 2228 434 2293 templis
450 2241 553 2294 utraque
568 2229 631 2277 dona
645 2231 709 2278 tulit.

99 2301 184 2366 thue
201 2314 257 2368 riuis
267 2300 363 2368 gaudet
377 2302 466 2360 miles,
484 2303 550 2368 quod
565 2301 654 2351 vicerit
668 2301 781 2360 hostem3

133 2374 193 2431 Sic,
214 2373 301 2422 vidum
318 2390 361 2424 eur
377 2373 402 2426 se
417 2375 540 2444 gaudeat,
556 2373 628 2427 hostis
642 2374 725 2425 habet.
820 2390 853 2437 50

97 2446 175 2496 Gausa
192 2463 246 2496 mea
260 2447 293 2496 est
306 2448 392 2497 melior
408 2465 417 2498 τ
433 2449 473 2515 qui
488 2465 535 2498 nec
551 2449 671 2498 contraria
688 2450 758 2500 dicor

134 2519 226 2578 Arma,
247 2537 293 2570 nec
308 2520 406 2572 hostiles
424 2521 471 2572 eise
487 2522 585 2572 secutus
601 2538 671 2587 opes.

97 2592 146 2643 Per
161 2609 245 2651 mare,
264 2610 307 2658 per
323 2605 419 2653 terras,
436 2612 481 2662 per
497 2595 570 2644 tertia
584 2596 681 2644 numina
698 2595 773 2661 juro,

134 2666 182 2715 Per
200 2679 225 2715 te
240 2667 381 2730 praesentem
397 2669 601 2734 conspicuumque
618 2669 722 2726 Deum3

98 2739 172 2790 Hunc
191 2739 294 2788 animum
309 2740 390 2791 faviffe
402 2741 464 2800 tibi,
482 2742 530 2793 Vir
547 2742 670 2792 maxime:
685 2757 793 2808 meque,
821 2755 851 2802 55

135 2811 191 2875 Qui
208 2813 257 2863 soli
275 2813 363 2880 potui,
383 2827 464 2880 mente
481 2813 548 2864 fuiffe
566 2828 644 2863 tuum.

99 2885 192 2952 Optavi
209 2899 306 2951 peteres
324 2887 427 2937 coelessia
444 2888 522 2937 sidera
540 2887 629 2944 tarde3

133 2958 239 3028 Parsque
254 2961 288 3012 fui
305 2962 380 3014 turbae
398 2979 470 3029 parva
487 2960 611 3030 precantis
627 2959 702 3012 idem.
