1975 3700
193 273 266 343 186
304 270 346 340 P..
375 266 571 343 Omnia
598 271 828 347 Nasonis

189 394 244 443 Nec
258 408 312 443 mea
327 392 429 443 decreto
442 391 555 443 damnalli
571 393 633 443 salia
648 394 773 449 Senatirs:

227 468 281 517 Nec
297 482 351 515 mea
366 466 454 517 seleslo
469 466 550 533 judice
567 465 626 533 jussa
639 468 696 535 fuga
712 468 756 518 est.

189 536 304 590 Tristibus
319 538 427 591 inveslus
442 540 524 590 verbis
539 575 546 600 ,
563 540 597 591 ita
611 538 723 607 Principe
741 541 864 611 dignum,

225 613 298 663 Ultus
315 629 342 663 es
359 612 477 672 offensas,
495 626 523 663 ut
539 614 628 672 decet,
646 614 696 681 ipse
710 627 774 666 tuas.

134 702 139 733 ι
148 699 178 751 35
190 684 277 745 Adde,
290 688 355 753 quod
367 686 484 744 ediibrm,
498 688 605 753 quamvis
616 688 718 737 immane
728 690 883 760 minaxque,

225 759 340 811 Attamen
353 760 377 810 in
390 776 469 827 poenae
484 760 581 809 nomine
598 760 654 810 lene
671 762 727 811 suit.

189 830 288 900 Quippe
302 836 443 902 relegatus,
461 849 510 883 non
527 834 612 891 exsul,
630 834 700 883 dicor
715 836 740 884 in
754 835 820 887 illo:

226 905 348 973 Partaque
365 908 469 958 fortuna
485 906 540 957 sunt
556 908 609 956 data
625 909 701 959 verba
715 924 785 958 meae.

188 980 262 1029 Nulla
277 982 372 1047 quidem
387 980 444 1031 sano
461 980 559 1049 gravior
572 1014 579 1038 ,
595 981 729 1050 mentisque
745 983 868 1049 potenti,

132 1064 179 1113 140
228 1052 303 1103 Poena
317 1054 369 1112 est,
390 1057 459 1121 quarn
474 1065 545 1103 tanto
561 1053 701 1119 displicuisse
717 1055 784 1108 viro.

190 1126 238 1177 Sed
254 1128 316 1178 solet
331 1128 451 1177 interdurn
466 1124 518 1177 fieri
535 1128 651 1194 placabile
666 1143 777 1180 numen:

226 1201 297 1250 Nube
311 1200 373 1251 solet
386 1200 455 1267 pulsi
470 1199 585 1250 candidus
600 1201 636 1250 ire
649 1201 713 1252 dies.

189 1272 247 1325 Vidi
265 1285 312 1341 ego
328 1274 458 1343 pampineis
474 1287 597 1325 oneratam
610 1273 699 1324 vitibus
714 1275 827 1333 ulmum,

227 1345 289 1410 Quae
304 1347 384 1399 luerat
400 1348 463 1397 saevo
476 1348 575 1397 fulmine
589 1347 651 1397 tasla
667 1348 744 1399 Jovis.

133 1430 178 1479 145
191 1418 244 1483 lpse
260 1420 319 1471 licet
333 1420 427 1487 sperare
441 1432 532 1481 vetes,
549 1420 693 1485 sperabimus
705 1436 713 1471 r
724 1432 799 1489 atque

226 1490 283 1542 Hoc
297 1510 370 1543 unum
387 1493 458 1553 fieri,
477 1506 503 1543 te
518 1494 685 1560 prohibente,
702 1495 792 1561 potest.

190 1564 250 1631 Spes
261 1567 317 1615 mihi
327 1581 411 1635 magna
422 1567 497 1626 subit,
511 1565 565 1617 etim
576 1578 618 1625 re,
630 1568 755 1637 mitissime
766 1565 904 1635 Princep55

226 1639 291 1710 Spes¹
301 1640 376 1699 mihi,
392 1640 497 1707 respicio
513 1638 567 1690 crim
582 1654 635 1690 mea
650 1641 717 1699 lata,
734 1642 810 1691 cadit.

189 1711 226 1761 Ae
241 1714 318 1763 veluti
330 1714 410 1763 ventis
425 1714 568 1781 agitantibus
584 1727 682 1779 equora
696 1731 744 1763 non
758 1714 793 1765 est

134 1798 179 1845 150
226 1784 336 1853 AEqualis
351 1788 449 1845 rabies',
468 1787 645 1854 continuusque
660 1786 748 1845 futor3

188 1857 237 1908 Sed
253 1859 326 1911 modd
342 1861 484 1918 subsidunt,
500 1861 680 1928 intermissique
692 1862 827 1920 silescunt,

225 1933 332 2001 Vimque
348 1947 419 2002 putes
435 1934 490 1986 illos
508 1933 641 2000 deposuisse
656 1934 740 1992 suarn3

188 2003 228 2053 sic
238 2009 328 2056 abeunt
340 2042 347 2068 ,
363 2010 514 2073 redeuntque
528 2008 595 2066 mei,
610 2007 752 2074 variantque
762 2007 882 2066 timores}

224 2077 255 2128 Et
268 2081 332 2146 spem
348 2081 457 2148 placandi
473 2082 730 2149 dantquenegantque
744 2081 790 2130 tui.

131 2163 137 2196 1
147 2163 158 2210 5
164 2163 176 2210 5
190 2149 238 2201 Per
248 2153 354 2218 Superos
366 2156 456 2222 igilur,
469 2155 509 2220 qui
520 2155 578 2204 dent
588 2154 631 2203 tibi
642 2155 732 2221 longa,
745 2154 906 2220 dabuntque,

224 2225 367 2296 Tempora,
383 2227 517 2278 Romanum
533 2227 553 2276 si
569 2225 642 2278 modo
657 2243 746 2277 nomen
762 2240 862 2284 amant3

188 2295 235 2348 Per
250 2299 369 2362 Patriam,
388 2319 440 2369 quae
455 2313 481 2352 re
496 2301 555 2351 tuta'
566 2301 592 2352 ὅ(
606 2300 689 2351 secura
703 2299 807 2350 Parente
825 2299 880 2357 est,

224 2373 320 2437 Cujus,
338 2387 365 2424 ut
380 2375 405 2424 in
422 2377 532 2442 populo,
551 2391 605 2440 pars
620 2389 667 2440 ego
683 2389 761 2439 nuper
775 2389 862 2431 eram3

188 2442 227 2493 Sic
242 2447 305 2510 tibi,
321 2465 392 2516 quem
407 2449 502 2515 semper
516 2446 582 2497 farris
599 2447 726 2512 animoque
742 2446 861 2506 mereris,

129 2513 177 2564 160
226 2518 352 2571 Reddatur
368 2535 442 2590 gratae
459 2523 553 2571 debitus
569 2521 642 2585 Urbis
658 2537 734 2569 amor.

186 2589 254 2640 Livia
268 2594 305 2644 sic
320 2605 401 2644 tecum
416 2595 516 2660 loqiales
533 2595 654 2660 compleat
672 2611 770 2651 annos,

224 2663 307 2728 Quae,
326 2668 372 2716 nisi
386 2680 431 2727 te,
449 2671 517 2717 nullo
531 2667 636 2736 conjuge
649 2665 720 2732 digna
734 2666 790 2714 fuit.

187 2735 250 2801 Quae
266 2740 286 2788 si
301 2757 350 2790 non
364 2740 441 2800 esset,
461 2741 550 2791 caelebs
564 2752 589 2790 te
603 2741 654 2789 vita
669 2740 769 2789 deceret
781 2756 790 2796 ;

223 2813 364 2880 Nullaque,
384 2811 423 2862 cui
437 2813 516 2880 polles
532 2813 579 2863 elle
595 2812 712 2871 maritus,
729 2822 790 2860 erat.

130 2882 174 2944 165
188 2883 282 2948 Sospite
297 2888 332 2937 sic
348 2899 372 2936 te
388 2887 419 2936 sit
434 2900 503 2936 natus
519 2884 615 2954 quoque
629 2884 727 2951 sospes,
748 2883 773 2934 &
786 2882 844 2934 olim

180 2957 194 2999 δ
222 2956 352 3024 Imperium
369 2971 439 3026 tegat
452 2959 501 3010 boc
517 2975 571 3009 cum
584 2958 678 3008 seniore
695 2957 791 3015 senexa
