1975 3700
370 248 552 317 lats.
744 271 815 346 37¹

102 366 171 419 Huic
185 364 259 436 igitur
274 363 372 417 meritas
386 379 487 434 grates,
503 366 649 432 ubicumque
660 362 763 428 licebit,
828 385 860 432 25

142 441 192 490 Pro
208 453 258 490 tam
274 438 398 489 mansueto
414 440 514 506 peslore
531 440 625 506 semper
638 455 728 506 agam⁸⁴

105 514 199 566 Audiet
214 513 267 564 ltaec
282 510 375 563 Pontus
394 527 402 563 a
419 514 493 562 saciat
508 529 607 579 quoque
624 513 726 563 forsitan
741 515 825 574 idem,

141 585 222 637 Tetra
239 586 271 636 sit
286 596 314 636 ut
328 586 428 652 propior
440 583 589 636 testificanda
605 585 672 635 milti.

103 659 140 711 At
156 660 223 717 tibi,
240 657 337 710 calcasti
351 659 393 725 qui
408 675 468 715 me,
486 659 613 718 violente,
631 656 774 724 jacentem,

143 731 286 796 Quamlibet
302 732 329 782 δι
345 733 432 783 misero
448 733 543 784 debitus
560 733 632 783 hosiis
649 749 703 784 eto.
828 747 862 806 30
937 788 941 799 Δ

105 805 213 857 Desinet
229 804 277 855 eli'e
293 803 359 871 priris
375 806 511 856 contrarius
527 806 621 874 ignibus
638 805 743 866 humor;

144 861 278 945 lunaeque
292 895 348 929 cum
363 879 433 928 Luna
447 880 527 929 sidera
542 879 606 930 Solis
623 893 717 937 erunt,

105 951 215 1019 Parsque
230 951 316 1002 eadem
330 953 387 1003 coeli
401 951 529 1020 Zephyros
545 953 640 1003 emittet
656 952 682 1004 δι
699 953 799 1011 Euros;

79 1041 85 1046 ·
144 1026 177 1076 Et
192 1025 290 1091 tepidus
308 1025 392 1092 gelido
407 1026 474 1076 flabit
491 1027 522 1074 ab
537 1041 583 1074 axe
598 1025 699 1084 Notus;

105 1101 140 1150 Et
155 1115 220 1149 nova
235 1099 344 1148 fraterno
359 1099 444 1148 veniet
459 1099 590 1149 concordia
605 1097 692 1157 sumo,
828 1113 840 1164 3
848 1114 860 1163 5

143 1171 227 1236 Quem
240 1183 312 1221 retus
327 1172 430 1222 accensi
445 1171 539 1238 separat
553 1172 589 1221 ira
603 1171 683 1238 pyris

105 1245 140 1296 Et
157 1245 211 1297 Ver
224 1244 369 1303 Auamma,
386 1246 479 1294 brumae
493 1244 631 1294 miscebitur
646 1241 724 1296 AEstas
736 1262 746 1302 3

142 1319 227 1385 Atque
242 1319 328 1368 eadem
343 1319 412 1386 tegio
426 1318 524 1383 Vesper
538 1318 565 1367 R
579 1316 657 1367 Ortus
671 1332 763 1368 erunt:

106 1391 190 1457 Quam
199 1391 256 1440 milti
266 1391 299 1440 sit
308 1404 389 1441 tecum
400 1424 408 1449 ,
424 1391 511 1456 positis
522 1407 575 1456 quae
586 1389 708 1440 sumsimus
719 1391 789 1442 umis
801 1422 809 1450 ,

145 1464 249 1524 Gratia,
265 1464 415 1522 commissis,
431 1465 540 1531 improbe
552 1495 560 1521 ,
574 1475 646 1529 rupta
659 1464 716 1514 tuis.
826 1479 861 1526 40

106 1537 159 1588 Pax
172 1541 220 1589 erit
237 1538 289 1588 hac
301 1537 391 1596 nobis,
410 1537 490 1588 donec
506 1537 564 1586 milti
578 1536 629 1586 vita
645 1537 770 1596 manebit,
820 1557 823 1575 =

144 1610 208 1675 Cum
221 1626 313 1677 pecore
328 1609 423 1660 infirmo
436 1627 491 1676 qua
508 1609 571 1660 solet
583 1609 630 1658 effe
645 1609 717 1676 lupis.

106 1683 186 1735 Prima
202 1683 300 1750 quidem
314 1695 397 1749 eoepto
414 1684 562 1734 committam
578 1682 665 1748 proelia
681 1683 771 1741 versu,
848 1689 852 1696 '

145 1758 204 1808 Non
221 1756 314 1808 soleant
329 1757 437 1822 quamvis
452 1758 501 1807 boc
517 1755 581 1822 pede
597 1756 737 1821 belligeri.

109 1832 197 1899 thue
212 1831 276 1897 petit
289 1829 367 1897 ptimo
383 1830 481 1897 plenum
494 1828 606 1880 flaventis
622 1843 701 1879 arene
828 1843 861 1893 45

143 1905 260 1955 Nondum
275 1904 368 1955 caisaeli
385 1906 467 1955 velitis
482 1902 545 1953 ltalia
564 1903 660 1961 solumi

65 2001 68 2010 ¹
107 1980 150 2030 Sic
166 1994 215 2046 ego
228 1991 255 2029 te
272 1977 339 2027 serro
353 1978 460 2027 noudum
473 1976 598 2043 jaculabor
612 1988 706 2034 acuto,

146 2050 260 2103 Protinus
276 2050 377 2100 invisum
392 2066 438 2101 nec
453 2062 524 2117 petet
539 2048 604 2101 basia
620 2062 701 2115 caput.

109 2125 142 2175 Et
158 2140 239 2192 neque
254 2139 344 2173 nemen
358 2124 383 2173 ‘m
397 2125 467 2182 hoc,
482 2140 530 2173 nec
546 2124 627 2173 dicam
636 2121 698 2173 faita
712 2122 797 2174 libello
811 2131 820 2174 2

145 2198 234 2264 Teque
249 2198 338 2252 brevi..
355 2197 398 2264 qui
412 2197 465 2256 sis,
483 2196 632 2247 dissimulare
647 2194 732 2245 sinam.
832 2206 866 2259 50

108 2269 257 2328 Postmodo,
273 2270 295 2320 si
309 2285 415 2342 perges,
429 2270 455 2319 in
468 2281 494 2319 te
506 2269 565 2318 milri
580 2268 642 2317 liber
655 2268 746 2318 iambus
824 2291 827 2299 ·

143 2343 231 2394 ‘tinea
246 2344 386 2411 Lycambto
404 2342 518 2410 sangttirte
533 2343 583 2392 tela
598 2340 673 2392 dabit.

109 2417 204 2478 Nurac,
223 2433 273 2484 quo
289 2416 413 2466 battiades
430 2416 553 2466 inimicum
570 2414 679 2465 devovet
694 2412 767 2472 Ibin,

146 2490 205 2541 Hoc
220 2507 268 2558 ego
283 2490 397 2540 devoveo
413 2500 488 2556 teque
501 2502 605 2553 tuosque
622 2486 706 2537 modo.

110 2564 197 2631 thue
212 2564 274 2623 ille,
290 2562 392 2613 historiis
407 2562 530 2612 involvam
548 2561 653 2613 carmina
667 2560 756 2611 carcist
833 2572 846 2622 5
852 2572 864 2622 5

148 2637 207 2688 Non
221 2636 310 2687 soleam
319 2636 430 2702 ‚quamvis
443 2637 491 2687 ltoc
509 2652 586 2703 genus
601 2634 651 2701 ipse
668 2634 742 2702 sequi.

113 2710 182 2761 lllius
195 2712 308 2778 ambages
323 2710 429 2760 imitatus
443 2710 469 2759 in
483 2709 552 2760 lbide
567 2708 651 2766 dicar,

148 2783 249 2834 Oblitus
266 2782 339 2834 moris
356 2783 488 2850 judiciique
504 2782 562 2834 mei.

111 2856 145 2907 Et
158 2858 291 2923 quoniam,
306 2857 348 2923 qui
361 2857 413 2916 sis,
427 2856 534 2908 nondum
550 2853 715 2922 quarentibus
729 2852 796 2910 edo,
817 2858 825 2879 ·'
844 2870 847 2878 ·

36 2931 40 2939 “
149 2928 224 3005 lbitlis
238 2931 334 2983 interea
350 2942 378 2983 tu
389 2946 488 2999 quoque
502 2944 592 2987 nomen
605 2928 677 2982 habe.
721 2998 746 3063 Q
776 2982 782 3009 ,⁹
835 2921 870 2974 60

759 3016 784 3066 v]
