1975 3700
174 275 437 344 ansrrrsm
466 276 572 343 Lrn.
599 277 666 344 IV.
717 297 790 370 241

76 391 113 443 Et
126 395 208 446 renuit
224 395 313 445 noslras
332 395 470 445 numerosus
486 393 604 445 Horatius
621 412 711 455 aures,

116 467 183 516 Dum
199 467 258 518 serit
271 467 378 518 Ausonii
392 467 496 518 carmina
510 469 576 518 culta
591 468 655 535 lyri.
801 483 837 534 50

76 539 211 608 Virgilium
226 541 276 591 vidi
289 538 382 592 tantdm
398 557 406 592 z
422 557 469 590 nec
482 557 553 590 avara
568 542 669 592 Tibullo

116 613 226 680 Tempus
241 613 352 663 amicitiae
366 613 414 664 sata
426 612 516 664 dedite
528 630 601 665 meae.

77 685 208 738 Successor
223 687 268 737 suit
282 687 322 736 hic
336 685 398 746 ribi,
415 685 489 737 Galle
502 703 511 744 ς
527 685 668 754 Propertius
680 686 727 742 illi.

116 757 226 822 Quartus
241 763 271 810 ab
285 761 323 810 his
338 759 400 810 serie
413 760 531 826 temporis
547 760 597 826 ipse
612 761 657 812 sui.

76 833 165 898 Usque
182 849 232 900 ego
246 831 368 898 majores,
386 833 420 882 sic
436 849 475 883 me
491 834 591 883 coluere
607 835 733 890 minores:
799 852 833 902 55

116 905 233 972 Notaque
252 923 302 956 non
316 905 385 956 tardi
402 906 462 956 faur
477 906 565 956 Thalia
578 923 632 957 mea
648 907 692 958 est.

79 977 193 1028 Carmina
209 975 263 1029 cdnr
280 977 380 1046 primdm
393 981 485 1046 populo
500 978 613 1045 juvenilia
628 981 695 1048 legi,

116 1051 195 1101 Barba
210 1051 301 1102 refesia
317 1053 374 1102 mihi
388 1052 455 1102 bisse
471 1052 576 1102 semelve
589 1053 645 1103 suit.

78 1124 198 1192 Moverat
212 1124 349 1194 ingenium,
364 1136 441 1175 totam
454 1136 552 1175 cantata
564 1141 610 1190 per
624 1127 726 1184 urbem,

11 1263 12 1266 Ἴ
117 1199 224 1248 Nomine
241 1215 290 1248 non
305 1215 366 1248 vero
384 1197 445 1248 disin
463 1198 572 1247 Corinna
587 1199 655 1248 mibi.
800 1199 835 1252 60

79 1269 162 1321 Multa
180 1271 276 1338 quidem
291 1269 373 1336 scripsi
386 1287 395 1329 ;
409 1272 449 1321 sed
465 1288 523 1338 quae·
533 1271 618 1322 viriosa
632 1271 735 1338 putavi,

116 1343 286 1395 Emendaturis
300 1345 394 1412 ignibus
409 1345 458 1410 ipse
475 1344 541 1394 dedi.

79 1417 145 1467 Tum
158 1433 271 1484 quoque,
281 1415 335 1466 crim
345 1418 468 1484 sugerem,
479 1416 588 1484 quaedam
597 1418 715 1483 placitura
725 1420 831 1470 cremavi

116 1491 195 1541 lratus
210 1490 286 1540 studio
300 1491 489 1556 carminibusque
503 1490 572 1544 me‘rs.

79 1563 162 1614 Molle
172 1595 180 1622 ,
198 1561 338 1629 Cupidineis
352 1579 397 1612 nec
409 1563 596 1630 inexpugnabile
607 1563 666 1614 telis
798 1567 831 1630 65

117 1636 169 1686 Cor
185 1635 259 1696 mihi,
274 1636 387 1704 quodque
403 1637 463 1686 levis
479 1635 548 1686 causa
561 1648 688 1694 moveret,
706 1651 766 1687 erar.

78 1708 142 1759 Ciun
154 1721 234 1760 tamen
244 1710 293 1759 hoc
306 1708 376 1759 essem
387 1742 395 1768 ,
407 1709 553 1775 minimoque
565 1709 712 1760 accenderer
722 1711 789 1779 igni,

115 1783 224 1832 Nomine
241 1782 283 1832 sub
299 1779 379 1832 nostro
396 1782 476 1830 sabula
489 1783 555 1831 nulla
569 1782 624 1831 suit.

78 1856 153 1907 Paene
170 1855 228 1905 mihi
242 1872 336 1923 puero,
352 1872 398 1905 nec
413 1856 503 1923 digna,
520 1872 566 1905 nec
583 1856 664 1914 utilis,
680 1872 743 1907 uxor

116 1929 156 1978 Est
171 1929 225 1979 data
243 1945 251 1979 ι
269 1946 321 1996 quae
336 1941 432 1995 tempus
450 1931 569 1994 perbreve
586 1941 660 1994 nupta
676 1929 732 1981 suit.
796 1947 832 1996 70

76 2003 115 2053 Illi
133 2002 267 2062 successit,
282 2002 388 2069 quamvis
403 2002 455 2053 sine
472 2002 587 2060 crimine,
605 2000 713 2067 conjux,

115 2077 173 2124 Non
189 2086 268 2125 tamen
282 2075 307 2125 in
322 2074 408 2125 nostro*
416 2073 483 2125 firma
497 2076 578 2124 futura
592 2088 659 2125 toro.
697 2107 700 2118 .

24 2156 26 2161 '
77 2149 188 2205 Ultima,
203 2164 256 2213 quae
270 2164 365 2197 mecum
380 2148 446 2198 seros
462 2148 592 2214 permansit
605 2148 630 2197 in
646 2163 740 2208 annos,

112 2220 230 2269 ,Sustinuit
246 2220 337 2288 conjux
357 2220 443 2271 exsulis
461 2220 507 2270 esse
524 2221 579 2269 viri.

77 2294 138 2343 Filia
153 2293 190 2342 bis
204 2293 279 2359 primi
293 2310 346 2342 mea
361 2310 399 2343 me
415 2294 518 2343 fecunda
532 2291 649 2359 junonia,
740 2292 744 2298 ’
793 2310 829 2361 75

115 2366 165 2415 Sed
179 2382 228 2415 non
244 2382 275 2417 ex
290 2382 339 2417 uno
356 2365 477 2435 conjuge,
493 2367 555 2416 lecit
567 2383 648 2417 avum.

76 2440 109 2490 Et
124 2437 172 2503 jam
190 2439 323 2505 complerat
338 2440 433 2505 genitor
449 2439 488 2489 sua
503 2439 569 2498 fata,
584 2454 722 2506 novemque

114 2512 250 2562 Addiderat
265 2511 342 2562 lustris
356 2513 431 2561 altera
446 2512 515 2562 lustra
529 2528 627 2563 novem.
661 2571 665 2582 Ι

77 2587 135 2635 Non
150 2586 222 2634 aliter
236 2584 310 2643 flevi,
328 2587 397 2650 quim
410 2600 448 2635 me
461 2584 563 2646 fleturus
572 2586 699 2651 *ademtam

112 2659 158 2707 Ille
177 2658 224 2707 suit
241 2673 248 2707 :
265 2654 334 2707 marri
347 2658 454 2727 proxima
471 2656 531 2725 justa
546 2659 603 2710 tuli.
794 2656 831 2715 80

78 2732 173 2782 Felices
188 2730 274 2789 ambo,
291 2730 479 2798 tempestive‘que
497 2730 600 2797 sepulti,

116 2804 184 2853 Ante
198 2804 260 2853 diem
276 2820 354 2871 poenae
368 2805 432 2870 quod
445 2803 541 2870 periere
558 2802 639 2854 mee!

14 2894 17 2901 ¹
78 2876 232 2943 Meqnoque
248 2876 361 2935 felicem,
376 2877 460 2945 quod,
475 2894 525 2927 non
540 2877 679 2927 viventibus
693 2875 758 2937 illis,

115 2950 173 3001 Sum
190 2948 260 2999 miser
274 2967 283 3009 ς
301 2952 327 3001 &
341 2951 374 3003 de
389 2950 509 3018 mequod
523 2948 714 3003 doluerenihil!

144 3022 230 3075 Tenus
247 3022 318 3081 111.
721 3021 743 3077 1.
