1975 3700
198 248 269 344 138
306 252 347 316 P.
374 247 566 318 Ονιυιι
591 246 825 320 ΝΑεοΝιε

194 368 256 418 Sunt
269 367 346 418 avida
360 369 474 418 volueres
491 383 499 418 ε
514 383 565 418 non
579 383 634 434 quae
647 365 749 420 Phineia
763 372 856 423 mensis

233 439 341 492 Gutture
355 441 519 500 fraudabanta
536 441 576 492 sed
589 457 666 508 genus
680 442 737 492 inde
753 444 865 496 trahunt.

196 514 298 568 Grande
310 527 382 582 caput
396 531 403 565 t
419 514 507 566 slantes
524 515 589 566 oculi
603 531 610 566 r
624 514 699 572 rostra
708 528 765 582 apta
778 519 894 584 rapinae:
979 578 980 585 ἵ

233 589 339 639 Canities
356 589 462 655 pennis,
478 589 598 656 unguibus
612 589 696 643 hamus
709 588 779 640 inest.
979 592 980 599 ’

138 673 183 722 135
197 661 276 712 Nolle
286 664 389 721 volant,
408 677 546 729 puerosque
556 673 643 728 petunt
654 661 753 714 nutricis
763 674 897 733 egeatesr
979 654 980 677 i

231 735 263 786 Et
278 735 365 788 vitiant
381 735 449 785 cunis
465 751 569 802 corpora
578 747 653 802 'rapta
667 735 722 787 suit.

196 808 306 876 Carpere
321 809 434 860 dicuntur
448 809 561 860 lasleratia
575 809 667 860 viscera
682 809 786 870 rostris,

232 883 264 933 Et
280 885 377 950 plenum
394 895 454 948 poto
470 883 584 951 sanguine
598 895 682 951 guttur
696 883 801 934 habentss

194 955 233 1006 Est
248 957 296 1023 illis,
308 957 416 1024 strigibus
432 973 522 1007 nomen
534 971 543 1008 a
557 956 599 1006 sed
613 956 716 1007 nominis
731 956 804 1024 hujus

136 1041 185 1088 ¹40
235 1030 330 1089 Causa,
349 1029 414 1098 quod
429 1029 552 1081 horrendi
566 1028 665 1080 stridere
681 1029 753 1081 nodie
769 1030 864 1084 solent.

127 1136 132 1142 -
195 1103 252 1153 Sive
266 1105 340 1172 igitur
353 1105 482 1154 nascuntur
495 1119 573 1162 ares,
591 1101 633 1153 seu
648 1104 754 1154 carmine
769 1101 854 1164 fiunt,
874 1148 882 1155 .

231 1177 364 1244 Naeniaque
378 1178 403 1227 in
416 1179 531 1228 volucres
544 1176 627 1248 Marsa
641 1174 729 1244 figurat
742 1193 803 1228 anus
815 1193 825 1236 3

195 1249 224 1301 In
239 1251 357 1303 thalamos
372 1267 464 1302 venere
479 1249 572 1302 Protae.
589 1248 684 1309 Proca,
698 1261 769 1300 natur
784 1250 896 1311 inillis,

232 1322 313 1374 Praeda
329 1340 415 1375 recens
433 1323 512 1374 avium
526 1323 634 1391 quinque
651 1323 735 1374 diebus
751 1336 817 1376 erat.

137 1407 183 1456 145
197 1393 347 1464 Pedoraque
363 1397 493 1449 exsorbent
507 1397 583 1448 aridis
598 1396 698 1448 insantia
712 1397 813 1465 linguis.

230 1469 264 1520 At
281 1489 342 1538 puer
357 1471 442 1522 infelix
458 1471 544 1539 vagit,
562 1486 682 1537 opemque
697 1472 770 1537 petit.

195 1542 294 1594 Territa
308 1561 370 1594 voce
386 1543 421 1594 sui
436 1545 518 1596 nutrix
533 1543 640 1595 accurrit
653 1544 763 1603 alumni,
872 1563 877 1570 ·

230 1617 263 1668 Et
276 1617 355 1686 rigido
369 1617 441 1668 setlas
455 1618 551 1669 invenit
565 1634 648 1686 ungue
663 1633 747 1684 genas.
844 1629 848 1637 '

196 1689 261 1754 Quid
280 1689 395 1742 faceret?
413 1692 482 1742 color
499 1692 547 1742 orie
562 1703 635 1749 etat,
652 1690 694 1756 qui
709 1688 835 1741 frondibus
851 1691 914 1742 olim

136 1773 145 1808 t
153 1775 185 1822 50
234 1763 285 1814 Esse
304 1765 366 1815 solet
382 1763 459 1823 seria,
475 1781 533 1832 quar
549 1764 789 1814 novalaesithiemr.
875 1801 880 1810 .
934 1809 938 1811 a

195 1833 310 1889 Pervenit
320 1838 351 1889 ad
362 1837 462 1890 Granen
473 1870 481 1897 ‚
499 1837 526 1891 ἃ
539 1855 591 1888 rem
602 1836 677 1888 docet
688 1851 696 1888 t
707 1836 766 1897 illa,
782 1836 914 1889 Timorem
983 1844 984 1858 ³

231 1910 319 1971 Pone3
336 1924 392 1963 tuus
407 1912 507 1977 sospes,
524 1910 604 1970 dixit,
621 1912 730 1961 alumnus
747 1910 807 1960 erit.

193 1984 304 2039 Venerat
321 1984 352 2034 ad
366 2002 439 2035 cunas
453 2000 461 2035 t
475 1985 567 2035 flebant
581 1997 707 2050 materque
721 1996 856 2051 paterque.
906 2009 910 2017 ·

231 2057 310 2108 Sistite
325 2075 370 2109 vos
386 2060 526 2127 lacrymas,
541 2057 592 2125 ipsa
607 2058 745 2117 medebor,
762 2057 808 2109 ait.

136 2141 182 2190 155
196 2129 309 2193 Protinus
325 2131 425 2183 arbutei
440 2130 520 2198 postes
534 2143 573 2181 ter
587 2131 613 2181 in
627 2131 713 2182 ordine
730 2132 809 2198 tangit

231 2204 346 2257 Fronde:
359 2218 399 2257 ter
412 2205 514 2255 arbutelr
527 2204 609 2255 limina
622 2204 709 2255 fronde
725 2217 806 2255 notat.

195 2276 291 2347 Spargit
302 2280 369 2347 aquis
379 2280 458 2330 aditus
468 2313 476 2338 ,
494 2278 535 2328 sed
545 2295 598 2344 quae
608 2278 757 2327 medicamen
767 2277 892 2329 habebant
901 2294 915 2337 ς

231 2351 340 2419 Extaque
355 2353 386 2403 de
401 2369 476 2419 porca
491 2352 565 2403 cruda
579 2351 689 2401 bimestre
703 2362 781 2401 tenet.

195 2423 342 2491 dequesta,
357 2424 442 2476 Nostis
457 2441 533 2484 aves,
548 2425 612 2476 extit
624 2424 776 2492 puerilibus,
792 2425 893 2493 inquit,

136 2492 184 2544 160
232 2497 347 2550 Parcite:
360 2515 405 2567 pro
420 2498 604 2566 perveniatur
619 2516 692 2565 parva
707 2498 782 2548 cadit.

196 2570 248 2622 Cor
262 2590 308 2639 pro
324 2573 419 2631 corde,
435 2588 544 2639 precor,
559 2588 605 2638 pro
620 2570 686 2622 fibris
699 2572 784 2622 sumite
797 2570 885 2623 fibras.

228 2645 302 2695 ¹Hanc
319 2646 419 2696 animam
436 2648 508 2696 vobis
524 2663 570 2712 pto
585 2646 686 2696 meliore
704 2646 796 2695 mnus.

197 2718 236 2769 Sic
253 2720 296 2769 ubi
310 2718 413 2780 libavit,
430 2719 539 2785 profesta
552 2718 595 2769 sub
609 2721 700 2769 aethere
715 2719 806 2785 punita

233 2792 333 2860 Quique
347 2793 418 2845 sacris
433 2792 537 2852 adsunt,
554 2792 677 2859 respicere
689 2792 729 2843 illa
745 2803 827 2845 vetat·

137 2860 183 2925 165
197 2867 322 2935 Virgaque
336 2866 425 2920 Ianalis
441 2867 472 2917 de
489 2865 555 2933 spini
569 2865 667 2917 sumitur
682 2864 753 2923 albir

232 2938 290 3006 Qui
304 2942 387 2994 lumen
400 2940 509 2993 thalamis
523 2956 598 3009 patra
612 2938 714 2994 fenestra
730 2938 815 2989 dabat.
