1975 3700
214 232 287 305 170
338 208 381 280 P.
409 208 601 277 OVIDII
626 208 855 281 NAsortrs

182 339 911 423 «Μὲῆᾛὲὲξξ»

350 454 520 523 ELEG
539 460 555 523 l
575 461 606 523 A
659 460 738 523 IV.

188 554 253 677 O
268 619 274 669 l
288 634 358 674 nttttt
370 618 422 687 poli
430 621 493 671 ullos
504 636 634 687 numquam
643 601 800 671 memorande
811 621 912 685 sodales,

135 693 820 761 ¹·fflfflmmmmfflmm

207 767 347 819 Attonitum
362 768 403 833 qui
420 784 477 827 me,
496 768 615 827 memini,
633 767 777 829 carissime,
793 770 883 836 primus

243 841 323 890 Ausus
339 856 366 892 es
385 841 494 907 alloquio
512 840 641 891 sustinuisse
658 854 704 891 tuo
719 856 727 892 t

184 932 196 979 5
211 912 262 979 Qui
279 913 336 965 mihi
352 909 479 965 consilium
492 914 593 966 vivendi
609 914 668 964 mite
686 913 770 965 dedisti
783 948 792 974 ,

245 987 307 1037 Cum
325 987 390 1039 foret
403 982 530 1039 in-misero
547 988 650 1054 pedore
660 989 745 1039 mortis
758 1006 847 1041 amore

207 1062 260 1113 Scis
271 1062 333 1117 bene
345 1092 353 1119 ,
371 1061 411 1121 cui
423 1061 521 1119 dicam,
535 1060 620 1126 positis
629 1077 676 1129 pto
686 1062 784 1123 nomine
797 1063 889 1131 signis,

244 1133 362 1195 Officium
376 1150 421 1183 nec
439 1146 465 1188 te
481 1134 563 1195 fallit,
580 1135 678 1192 amice,
694 1147 775 1185 tuum.
876 1159 879 1165 ·

206 1206 267 1259 Huc
286 1207 344 1265 mihi
358 1205 455 1273 semper
471 1221 546 1262 erunt
563 1208 617 1257 imis
632 1206 706 1267 infixa
723 1202 857 1269 medullis,

165 1297 197 1333 to
245 1280 427 1347 perpetuusque
443 1282 529 1332 animae
545 1280 642 1331 debitor
656 1281 727 1346 hujus
744 1298 800 1333 ere.

205 1354 307 1420 Spiritus
319 1354 351 1415 ,δι
365 1370 457 1408 vacuas
470 1353 538 1419 priris
555 1356 595 1405 hic
610 1354 746 1405 tenuandus
760 1354 787 1405 in
803 1373 874 1407 auras

242 1426 308 1486 Ibit,
328 1427 354 1486 δι,
371 1428 397 1477 in
413 1428 499 1494 tepido
516 1428 611 1479 deseret
625 1426 673 1477 osi}
689 1444 772 1495 rogo:

205 1499 284 1565 Qulm
302 1500 401 1551 subeant
416 1502 497 1553 animo
511 1502 656 1563 meritorum
671 1502 761 1551 oblivia
776 1501 880 1561 nostro,

241 1573 273 1623 Et
291 1573 368 1641 longi*
378 1574 456 1640 pietas
471 1574 571 1628 excidat
586 1574 627 1625 ista
642 1573 692 1624 die.

163 1662 173 1697 1
181 1663 192 1711 5
206 1643 240 1697 Di
255 1646 300 1698 tibi
313 1647 361 1697 sint
376 1644 480 1707 sutiles,
499 1648 526 1699 δι
540 1648 594 1713 opis
609 1647 698 1697 nullius
715 1660 835 1715 egentem

181 1732 186 1741 ·
241 1721 371 1771 Fortunam
390 1720 520 1786 praestent,
534 1721 720 1786 dissimilemque
735 1737 810 1771 meae.

204 1794 229 1844 Si
246 1805 326 1843 tamen
335 1794 397 1865 Wlieet
414 1794 481 1845 navis
496 1806 573 1845 vento
587 1795 693 1846 ferretur
708 1794 808 1854 amico,

241 1868 397 1936 ignoraretur
413 1868 516 1920 forsitan
533 1868 575 1919 ista
589 1867 660 1919 sidet.

203 1941 300 1992 Thesea
316 1941 437 1992 Pirithous
454 1958 505 1992 nou
521 1953 570 1992 tam
586 1940 692 1992 sensisset
706 1941 833 2002 amicum,

161 2031 195 2065 20
243 2013 271 2064 sl
284 2031 333 2064 non
347 2015 539 2074 infernasssvivus
554 2013 638 2065 adisset
650 2032 734 2081 aquas.

204 2087 239 2138 Ut
256 2087 321 2138 soret
338 2090 475 2154 exemplum
491 2089 546 2139 reri
564 2088 675 2138 Phocdus
691 2087 799 2148 amoris,

239 2159 360 2212 Fecerunt
377 2162 476 2218 Furiae,
494 2159 688 2219 tristiorem,
708 2174 768 2214 ωε.

204 2233 230 2284 Si
247 2249 297 2287 non
314 2235 432 2302 Euryalus
449 2233 554 2287 Rutulos
569 2234 690 2298 cecidisset
705 2235 731 2284 in
745 2233 852 2293 hostes,

240 2305 380 2374 Hyrtacidae
398 2307 456 2358 Niso
472 2308 550 2374 gloria
567 2310 632 2358 nulla
645 2307 720 2358 foret.

158 2395 191 2444 25
204 2379 303 2433 Scilicet
321 2393 347 2431 ut
361 2381 453 2435 fulvum
467 2379 586 2446 spatiatur
601 2381 627 2430 io
643 2381 737 2448 ignibus
751 2396 862 2439 aunum,

239 2455 362 2519 Tempore
379 2455 414 2504 sic
431 2454 493 2504 duro
509 2452 542 2504 est
559 2451 703 2518 inspicienda
718 2452 790 2504 sides.

201 2528 268 2579 Dum
279 2526 365 2590 juvat,
384 2528 410 2578 &
425 2527 496 2576 vultu
511 2525 575 2577 ridet
590 2525 698 2587 Fortuna
712 2526 799 2577 sereno
814 2560 826 2586 ,

238 2600 383 2650 Indelibatas
401 2599 484 2650 cunsla
501 2599 631 2666 sequuntur
647 2615 719 2666 opes.

201 2673 234 2724 At
250 2673 319 2722 simul
334 2673 457 2730 intonuit,
474 2673 570 2740 lugiunt
585 2689 592 2723 ε
608 2689 654 2723 nec
672 2672 778 2724 noscitur
790 2673 863 2733 ulli,

157 2761 191 2810 30
239 2745 380 2814 Agminibus
395 2747 510 2808 comitum
526 2747 567 2812 qui
579 2744 653 2801 modo
668 2746 758 2796 cindtus
773 2761 842 2798 erat.

199 2821 281 2886 Atque
295 2821 347 2870 haec
361 2821 477 2885 exemplis
493 2821 614 2887 quondrm
631 2820 731 2871 colletta
745 2820 882 2886 priorum,

235 2896 306 2945 Nunc
322 2893 379 2943 mihi
398 2893 451 2943 sunt
467 2894 570 2959 propriis
588 2895 760 2962 cognitatem
775 2895 861 2944 mulis.
