1975 3700
160 256 452 325 ansrruu
479 257 591 327 Lrn.
616 261 677 327 11.
726 260 800 350 187

78 381 171 445 thue
184 378 221 427 tui
234 377 347 432 faciunt,
367 374 432 425 sidus
447 373 573 437 juvenile,
591 387 715 440 nepotes,

121 453 171 501 Per
184 464 247 507 tua,
264 465 357 515 perque
374 448 408 497 sui
424 448 484 499 falla
499 449 606 513 parentis
621 462 689 501 unu

81 528 126 577 Sic
144 522 237 573 affuere
250 523 299 571 tuis
314 522 408 586 semper
422 521 532 573 Victoria
546 520 646 580 castris,

121 599 198 647 Nunc
210 612 309 663 quoque
322 594 347 645 le
362 592 477 660 prestet,
493 608 603 661 notaque
615 595 683 663 tigna
698 606 787 660 petat:
810 610 862 658 170

82 672 270 735 Ausoniumque
287 669 374 719 ducem
387 669 461 717 solitis
477 669 638 717 circumvolet
652 670 716 727 alis,

124 744 205 793 Ponat
221 744 246 792 ἃ
262 742 287 789 in
302 740 378 791 nitida
393 743 475 791 laurea
493 741 556 791 serta
571 741 652 791 comi.

82 817 135 868 Per
152 832 225 883 quem
238 816 301 864 bella
317 815 397 881 geris,
415 813 484 877 cujus
498 831 563 863 nunc
579 831 685 879 corpore
700 832 813 884 pugnas,

124 889 264 954 Auspicium
279 888 318 937 cui
331 888 374 937 das
391 888 501 953 grande,
516 887 636 954 Deosque
651 902 717 939 tuos.

85 964 248 1028 Dimidioque
262 962 298 1011 tui
312 961 415 1025 presens
431 976 478 1018 es,
494 960 620 1025 &aspicis
634 962 749 1019 urbem
813 976 860 1023 ¹75

124 1037 236 1085 Dimidio
248 1036 335 1099 procul
348 1048 394 1091 es,
411 1032 523 1099 seraqm
537 1035 602 1084 bella
616 1036 691 1101 geris.

87 1110 137 1159 llic
152 1109 197 1158 tibi
210 1108 245 1158 sic
259 1107 344 1157 redeat
360 1107 472 1171 superato
486 1106 565 1157 vietor
576 1109 607 1157 ab
621 1107 710 1166 hoste,

125 1183 204 1249 Inque
223 1181 347 1231 coronatis
362 1180 456 1246 fulgeat
472 1181 535 1229 altus
551 1182 642 1245 curin

87 1256 182 1312 Parce,
193 1270 284 1320 precor
294 1268 302 1303 ε
315 1253 455 1318 fulmenque
465 1266 550 1310 tuum,
561 1253 614 1303 fera
623 1255 688 1312 tela,
698 1254 807 1305 reconde
817 1286 826 1310 ,

127 1329 186 1379 Heu
200 1327 207 1377 !
221 1324 317 1377 nimium
331 1326 418 1375 misero
432 1326 532 1393 cognita
543 1328 593 1377 tela
606 1326 685 1377 mihi!
814 1328 865 1375 ro’o

89 1401 188 1460 Parce,
203 1399 276 1451 Pater
286 1398 372 1451 Patriae
384 1415 390 1449 :
403 1414 449 1449 nec
461 1434 468 1458 ,
480 1398 583 1451 nominis
591 1400 717 1451 immemor
726 1398 818 1466 huius,

128 1474 196 1525 Olim
211 1473 320 1539 placandi
337 1472 402 1538 spem
418 1472 477 1523 milii
492 1473 553 1523 tolle
568 1474 614 1523 tui.

89 1550 146 1599 Nec
163 1564 271 1613 precor,
287 1558 315 1595 ut
328 1547 447 1603 redeam
466 1546 573 1611 quamvis
588 1544 679 1610 majora
692 1546 777 1612 petitir

130 1620 253 1670 Credibile
269 1619 303 1669 ell
320 1635 419 1686 magnos
436 1618 499 1684 sepe
516 1618 603 1669 dediffe
619 1620 703 1671 Deos.

89 1694 181 1744 Mitius
198 1692 307 1745 exsilium
320 1692 342 1743 si
357 1692 419 1748 das,
436 1691 585 1757 propiusque
600 1694 715 1759 roganti,
814 1690 846 1741 18
851 1706 865 1753 5

132 1766 191 1821 Pars
207 1766 253 1815 erit
270 1782 284 1815 e
300 1764 373 1831 poeni
389 1780 473 1830 magna
488 1765 569 1814 levata
583 1764 647 1815 mei.

90 1840 187 1898 Ultima
201 1838 347 1906 perpetior,
365 1837 459 1888 medios
474 1836 598 1904 projecitur
611 1838 637 1888 in
650 1836 751 1898 hellen

131 1915 187 1964 Nec
203 1914 326 1979 quisquam
341 1911 418 1978 patrii
435 1908 531 1978 longids
545 1911 613 1962 exsul
629 1912 704 1962 abest.

92 1987 175 2038 Solue
186 1987 218 2036 ad
233 1983 337 2053 egressus
352 1983 430 2034 nullus
447 1985 610 2050 septemplicis
626 1985 696 2043 lllri,

132 2059 265 2109 Parrhasia
280 2059 361 2126 gelido
377 2057 474 2124 virginis
490 2074 536 2108 axe
552 2075 659 2126 premor.
818 2070 868 2120 ¹90

92 2133 220 2198 lazyges,
238 2133 263 2183 δι
278 2129 388 2189 Colchi,
407 2131 569 2197 intereaque
583 2133 673 2190 turba,
691 2128 833 2196 Getaeque,

132 2207 241 2256 Danubii
255 2205 339 2254 mediis
353 2205 395 2254 vir
409 2205 568 2268 prohibentur
582 2206 659 2271 cquis.

96 2280 209 2344 cumque
225 2278 265 2328 alii
278 2277 351 2328 causi
366 2278 409 2328 tibi
425 2278 473 2328 sint
487 2277 599 2344 graviore
612 2276 710 2344 fugati,

133 2351 246 2402 Ulterior
263 2352 342 2407 nulli,
362 2355 431 2416 quam
448 2351 524 2408 mihi,
542 2363 608 2401 terra
622 2352 677 2401 data
693 2349 746 2408 est,

96 2425 208 2491 Longius
219 2425 264 2474 hac
275 2424 334 2474 nihil
345 2423 379 2472 est
391 2456 398 2481 ,
416 2424 461 2474 nisi
471 2436 564 2474 tantum
575 2425 651 2490 frigus
669 2423 695 2475 dt
703 2419 777 2474 hellis
788 2455 796 2482 ,
820 2434 867 2484 195

135 2498 167 2546 Et
182 2498 253 2548 maris
269 2497 361 2546 alirino
376 2515 429 2563 quae
447 2498 500 2546 coit
515 2498 580 2546 unda
595 2498 662 2564 gelu.

96 2569 223 2623 Hactenus
237 2570 325 2620 Euxini
340 2587 395 2636 pars
412 2569 445 2620 est
457 2569 566 2620 Romana
581 2570 686 2621 sinistri:

134 2642 249 2693 Proxima
264 2643 382 2696 Basternae
396 2644 591 2709 Sauromataeque
605 2656 702 2696 renent.

98 2717 162 2767 Haec
178 2715 212 2765 est
225 2716 333 2766 Ausonio
347 2716 389 2766 sub
406 2715 458 2780 jure
474 2717 621 2774 novissim,
638 2717 729 2783 vixque

136 2789 222 2838 Haeret
236 2789 262 2838 in
278 2789 372 2854 imperii
386 2790 493 2856 margine
506 2802 571 2839 terra
583 2790 630 2840 tui.
819 2804 871 2838 200

100 2862 177 2914 Unde
192 2879 281 2926 precor
297 2862 415 2929 supplex,
433 2875 462 2913 ut
474 2879 520 2913 nos
537 2863 561 2912 in
577 2875 631 2912 tura
646 2862 764 2927 relegec3

138 2935 179 2986 Ne
195 2935 294 2986 sitcuin
308 2937 385 3002 patrii
400 2953 448 3004 pax
463 2951 561 3004 quoque
577 2935 657 2986 demta
670 2936 739 2986 mihi.
