1975 3700
140 176 596 276 Fnsrorrvrtbru.
623 208 698 275 IV.
729 228 802 300 109

88 325 144 377 Res
161 331 253 393 placet.
271 327 341 376 Alter
357 326 402 376 init
418 325 543 376 nemorosi
562 324 615 374 sana
633 323 708 374 Palati
718 343 728 384 5
813 324 863 386 815

130 401 202 450 Alter
219 401 367 451 Aventinum
385 397 454 448 mane
470 414 586 448 cacumen
600 398 660 447 adit.

91 473 145 524 Sex
155 473 264 531 Remus,
286 475 326 522 hic
340 473 453 522 volucres
469 472 506 521 bis
521 471 562 521 sex
573 472 641 521 videt
653 471 738 521 ordine
750 486 758 525 t
769 471 840 539 padio

131 546 215 595 Statur
229 563 236 596 t
248 547 273 596 δι
290 545 416 596 arbitrium
431 544 548 594 Romulus
567 544 633 594 urbis
648 546 731 595 habet.

89 619 159 684 Apta
169 619 225 698 dies
241 620 349 685 legitur,
367 618 413 684 qui
430 619 519 668 moenia
536 618 617 683 signet
633 632 723 667 aratro.

129 691 204 740 Sacra
221 691 283 742 Palis
301 692 411 742 suberant
428 707 436 740 t
452 691 508 740 inde
525 705 638 740 movetur
655 708 727 756 opus.
815 688 868 741 820

89 763 164 816 Fossa
178 764 205 814 fit
221 765 252 812 ad
267 765 367 815 solidum
382 781 389 814 t
408 764 490 831 fruges
507 762 629 828 jaciuntur
643 765 668 813 iu
684 765 751 823 ima,

130 837 162 886 Et
179 839 209 886 de
226 839 308 888 vicino
324 851 388 887 terra
406 838 483 902 petita
501 837 562 886 soio.

90 909 163 962 Fossa
180 912 289 975 repletur
305 911 400 966 humet
418 911 544 975 plenaeque
560 910 691 974 imponitur
707 926 767 968 ara3

130 983 163 1032 Et
180 1000 259 1034 novus
276 983 379 1034 accenso
395 981 493 1033 finditur
508 983 564 1049 igue
582 983 662 1032 socos.

90 1056 154 1106 lnde
171 1073 283 1122 premens
295 1056 378 1108 stivam
395 1055 505 1123 designat
523 1055 610 1105 moenia
625 1055 712 1106 sulcor
815 1053 865 1117 825

130 1129 194 1178 Alba
210 1129 293 1196 jugum
311 1131 384 1180 niveo
400 1127 454 1178 curn
469 1131 534 1179 bove
547 1145 623 1178 vacca
638 1130 704 1180 tulit.

91 1202 154 1255 Vox
168 1203 213 1252 suit
230 1205 282 1254 hec
300 1205 384 1270 regist
406 1201 530 1252 Condenti
545 1201 658 1268 iuppiter
674 1205 778 1262 urbem,

129 1275 162 1324 Et
178 1276 275 1342 genitor
289 1277 413 1335 Mavors,
429 1275 553 1342 Vestaque
567 1288 666 1334 mater,
681 1277 759 1333 ades,

91 1347 213 1414 Quosque
224 1351 289 1415 pium
301 1349 334 1400 est
344 1350 457 1398 adhibere
468 1349 558 1405 Deos,
581 1349 702 1399 advertite
713 1347 791 1398 cundi
802 1364 810 1396 ε

132 1421 273 1486 Auspicibus
289 1423 380 1479 vobis,
393 1423 440 1472 hoc
459 1422 516 1470 mihi
534 1422 614 1489 surgat
630 1439 701 1488 opus.
815 1420 867 1484 830

92 1495 179 1560 Longa
197 1495 228 1545 sit
241 1495 297 1546 huic
309 1508 388 1552 aetas,
406 1495 557 1560 dominaeque
571 1496 680 1561 potentii
696 1495 791 1552 terrae';

130 1568 214 1634 Sitque
228 1568 269 1618 sub
285 1569 330 1618 hac
348 1569 428 1618 oriens
448 1568 612 1633 occiduusque
628 1567 689 1617 dier.
761 1626 765 1639 ι

92 1641 139 1707 iiie
157 1642 322 1704 precabatur:
336 1641 431 1690 tonitru
448 1639 514 1690 dedit
528 1641 608 1689 omina
623 1640 687 1690 laeuo

130 1713 145 1764 J
148 1713 244 1778 uppirer
260 1729 267 1762 2
285 1713 310 1764 δι
326 1713 389 1762 laevo
406 1713 504 1762 fulmina
520 1711 583 1762 missa
599 1714 669 1777 poio.

93 1786 206 1853 Augurio
223 1786 273 1836 laeti
290 1783 384 1851 jaciunt
400 1785 536 1834 fundamina
553 1785 642 1844 cives,
815 1783 865 1849 835

131 1860 170 1923 Et,
180 1876 259 1911 novus
276 1859 363 1927 exiguo
379 1872 489 1925 tempore
506 1876 587 1909 murus
602 1872 663 1909 erat.

91 1933 149 1984 Hoc
165 1933 241 1983 Celer
256 1944 327 1999 urget
338 1949 399 1999 opus
412 1966 420 1992 ,
439 1950 510 1999 quem
521 1932 639 1984 Romulus
655 1931 704 1998 ipse
716 1929 837 1989 vocitat,

129 2008 251 2073 Sintque,
272 2006 366 2064 Celer,
384 2023 466 2063 curae,
484 2006 596 2065 dixerat,
613 2004 654 2055 isia
670 2018 739 2056 tuae:

92 2079 163 2129 Neve
174 2080 235 2147 'quit
250 2092 292 2129 aut
308 2096 410 2139 muros,
428 2091 469 2130 aut
485 2079 576 2129 versam
591 2096 691 2129 vomere
707 2091 796 2128 terram

63 2178 65 2181 ·
128 2154 246 2203 Transeat
262 2153 414 2202 :audentem
430 2152 486 2203 talia
505 2152 566 2201 dede
583 2151 649 2201 neci.
814 2150 867 2212 840

93 2224 274 2288 QuodRemus
288 2226 420 2293 ignoraus,
438 2224 542 2275 humiies
558 2237 714 2275 contemnere
730 2239 812 2296 muros

130 2299 212 2364 Coepit
225 2314 232 2349 t
246 2298 292 2355 &r
311 2298 357 2355 His
372 2298 494 2365 populus,
512 2297 611 2355 dicere,
628 2309 694 2355 tutus
709 2298 773 2347 erit!

92 2372 145 2420 Nec
162 2388 229 2423 mora
247 2387 255 2421 ι
271 2370 400 2423 transiluit.
421 2366 501 2423 Rutro
517 2368 592 2422 Celer
608 2383 716 2437 occupat
726 2370 828 2429 ausuum

121 2444 173 2511 ilie
191 2444 279 2509 premit
294 2444 376 2495 duram
392 2443 587 2510 sanguinolentus
603 2444 711 2493 humum.

93 2516 155 2585 Haec
169 2518 210 2565 ubi
227 2534 271 2567 rex
286 2518 390 2576 didicit,
408 2519 526 2583 lacrymas
542 2517 659 2567 introrsus
676 2519 777 2567 obortas
814 2516 864 2578 845

129 2586 260 2647 Devorat,
279 2590 305 2640 ὅι
323 2590 426 2640 clausum
444 2588 543 2655 pedore
560 2591 647 2640 vulnus
664 2592 749 2639 habet..

94 2662 164 2713 Flere
181 2664 259 2727 palam
276 2679 325 2712 non
338 2663 410 2723 vuit,
429 2664 588 2727 exemplaque
606 2664 679 2713 fortia
695 2664 773 2713 servat
783 2678 795 2719 3

128 2735 216 2800 Sicque
232 2752 299 2785 meos
315 2753 395 2785 muros
411 2734 515 2785 transeat
532 2735 622 2792 hostis,
640 2736 683 2785 ait.

93 2806 144 2877 Dat
161 2820 243 2857 tamen
259 2808 404 2875 exsequias:
421 2825 465 2861 nec
483 2807 530 2871 iam
547 2808 690 2873 suspendere
706 2807 790 2859 fletum

127 2879 247 2945 Sustinet,
269 2882 295 2935 δι
312 2883 389 2949 pietas
407 2880 553 2934 dissimulata
568 2892 650 2949 patet.
810 2879 863 2943 850
