1975 3700
63 249 66 258 ’
158 264 207 332 82
250 259 298 328 P.
327 258 524 330 Orrnrr
551 258 787 331 Nasonis

156 381 258 450 Colligit
275 393 403 440 errantes,
424 380 451 430 dt
467 381 491 431 in
508 381 595 432 arbore
611 380 701 431 claudit
715 382 783 433 inani

193 457 267 506 Liber
282 471 289 506 ε
304 455 330 506 &
345 455 438 504 inventi
453 454 552 521 praemia
567 455 645 504 mellis
661 455 745 506 habet.

94 547 145 596 745
160 531 195 582 Ut
209 529 289 597 Satyri
302 528 412 595 levisque
428 528 503 578 senex
516 528 621 596 tetigere
637 526 768 594 saporem,

193 602 342 667 Quaerebant
356 602 431 652 flavos
447 619 492 667 per
507 618 592 651 nemus
609 618 681 650 omne
698 602 778 654 favos·

157 675 234 728 Audit
249 676 273 725 in
290 675 362 726 exesa
378 675 502 750 stridorem
515 675 631 726 examinis
646 677 735 735 ulm03

190 749 283 816 Aspicit
300 749 326 800 dc
343 765 429 808 ceras,
451 749 632 814 dissimulatque
650 749 734 800 senex.

157 826 240 891 thue
257 824 330 892 piger,
342 823 414 890 pandi
428 836 501 890 tergo
517 823 640 872 residebat
655 822 743 879 aselli,

95 917 110 965 7
115 915 148 964 50
195 897 310 963 Applicat
326 898 391 948 hunc
405 899 471 948 ulmo
488 897 667 962 corticibusque
685 897 762 947 cavis·

157 971 273 1022 Constitit
285 970 335 1038 ipse
352 972 423 1038 supet
439 970 533 1022 ramoso
549 969 627 1036 stipite
643 970 735 1028 nixus3

193 1046 276 1114 Atque
291 1045 362 1096 avide
379 1058 468 1095 trunco
484 1044 583 1094 condita
597 1044 670 1093 mella
686 1042 762 1109 petit.

155 1119 235 1169 Millia
252 1121 395 1170 crabronum
413 1119 523 1174 coeunt,
542 1119 569 1168 δι
584 1117 678 1167 vertice
694 1118 762 1168 nudo

192 1193 289 1258 Spicula
307 1190 433 1260 defigunt,
452 1207 543 1258 oraque
561 1191 649 1240 summa
665 1204 760 1240 notant.

93 1267 204 1332 7551lle
220 1267 284 1316 cadit
300 1282 409 1332 praeceps
424 1298 432 1324 ,
454 1265 480 1315 ὅ(
497 1267 564 1315 calce
577 1264 664 1315 feritur
679 1264 766 1322 aselli3

193 1340 356 1405 inclamatque
374 1339 447 1397 suos,
468 1339 630 1406 auxiliumque
647 1350 729 1405 rogat.

156 1413 311 1467 Concurrunt
324 1412 422 1480 Satyri,
441 1414 612 1480 turgentiaque
627 1429 670 1462 ora
685 1408 791 1476 parentis

191 1487 237 1537 Rid
292 1486 423 1553 :perculso
440 1486 558 1537 claudicat
572 1487 614 1536 ille
631 1502 705 1554 genu.

155 1499 282 1619 Ridet&
286 1560 335 1625 ipse
351 1560 439 1618 Deus,
458 1559 588 1627 limumque
604 1560 720 1610 inducere
733 1557 874 1620 monstrate

92 1632 145 1700 760
193 1633 241 1684 Hic
259 1646 328 1700 paret
343 1634 460 1692 monitis,
480 1634 506 1684 dt
521 1634 573 1683 linit
589 1649 632 1683 ora
647 1634 710 1683 luto.

52 1749 54 1752 .
154 1706 233 1758 Melle
250 1720 319 1774 parer
335 1708 439 1759 fruitur:
454 1707 555 1773 liboque
569 1706 644 1758 ursula
657 1706 747 1759 calenti

190 1779 249 1832 Jure
266 1783 387 1849 repertori
404 1781 506 1831 candida
521 1783 594 1831 mella
611 1780 704 1831 damus.
763 1811 766 1817 ‚

153 1855 251 1905 Femina
268 1874 311 1907 cur
324 1854 431 1921 presset,
449 1872 499 1905 non
514 1855 549 1905 est
565 1856 665 1906 rationu
680 1866 794 1924 opertu

189 1928 319 1980 Femineas
336 1930 419 1997 thyrso
435 1929 544 1980 concitat
559 1930 602 1980 ille
618 1930 716 1981 choros.

90 1999 142 2066 765
155 2001 206 2051 Cur
221 2019 280 2053 anus
295 2004 344 2053 hoc
362 2004 454 2061 faciat,
471 2001 576 2069 quaeris?
596 2004 706 2056 vinosior
713 2016 777 2054 ‘aetas

189 2075 250 2127 Hac
267 2076 320 2136 est,
340 2077 366 2127 dr
382 2075 485 2144 gravida
500 2094 600 2127 munera
614 2077 670 2127 vitis
685 2094 776 2127 amans.

153 2147 204 2199 Cur
215 2149 306 2200 hederd
316 2150 393 2201 cintla
404 2150 437 2201 eli
445 2148 461 2219 ξι
468 2151 559 2202 hedera
570 2149 603 2200 est
614 2151 747 2218 gratissima
759 2150 871 2202 Baccho.

189 2222 246 2273 Hoc
263 2240 363 2291 quoque
379 2222 423 2281 tuq
438 2224 471 2275 ita
486 2224 537 2284 sit,
557 2224 639 2275 dicere
653 2226 719 2275 nulla
735 2241 802 2275 mora
819 2224 868 2276 est.

150 2295 272 2365 Nysiades
289 2298 409 2366 Nymphae
422 2302 551 2363 ,querum
568 2309 694 2365 querente
708 2298 835 2359 nocenti,

88 2384 143 2433 770
191 2369 262 2419 Hanc
278 2372 389 2422 frondem
406 2373 473 2421 cunis
487 2371 622 2438 apposuere
638 2372 719 2423 novis.

152 2442 306 2515 ῙῖΕὸΤΛΤἓ
325 2459 353 2495 ut
367 2445 504 2504 inveniam,
522 2462 597 2512 quare
612 2458 671 2515 toga
684 2447 761 2496 libera
775 2446 852 2497 detur

188 2516 304 2567 Lucifero
321 2519 423 2584 pueris,
442 2519 542 2569 candide
558 2520 675 2577 Bacche3
692 2532 745 2569 tuo.

149 2590 206 2663 Sive
218 2624 226 2650 ‚
238 2592 304 2658 quod
317 2592 366 2659 ipse
381 2610 442 2658 puer
456 2592 568 2659 semper,
578 2591 743 2661 juvenisque,
756 2592 867 2653 viderint

185 2664 216 2715 Et
232 2665 311 2716 media
328 2666 361 2717 est
375 2680 433 2717 aetas
447 2666 513 2717 inter
526 2678 655 2732 utrumque
672 2668 726 2717 tihi.
796 2702 799 2707 n

87 2752 138 2801 775
152 2737 202 2788 Seu
216 2740 271 2804 quia
287 2752 313 2789 tu
330 2752 399 2806 pater
415 2757 461 2797 es,
481 2752 582 2807 patres,
599 2740 639 2791 sua
655 2741 776 2809 pignora,
792 2752 866 2793 natos

184 2810 362 2864 Commendant
379 2832 443 2867 curae
460 2814 643 2879 miminibusque
660 2816 716 2865 tuis.

148 2884 223 2945 Sive,
238 2887 303 2952 quod
319 2904 346 2937 es
360 2887 449 2947 Liber,
466 2887 536 2937 vestis
552 2904 650 2957 quoque
666 2889 741 2939 libera
756 2904 800 2956 per
816 2900 847 2939 te
869 2882 874 2886 ’

183 2958 310 3022 Sumitur,
329 2962 356 3014 ἃ
372 2962 429 3015 vitae
446 2961 566 3015 liberioris
583 2961 643 3013 iter.
