1975 3700
225 220 298 309 146
346 217 387 285 P.
412 217 601 289 OV11211
629 219 866 291 Nasonrs

221 339 316 391 Moenia
331 336 483 389 Dardanides
500 354 579 404 nuper
591 354 656 387 nova
670 338 765 389 fecerat
779 342 855 395 llus:

158 427 212 477 420
258 414 307 463 llus
323 413 400 463 adhuc
417 411 482 461 Asie
495 411 564 460 dives
579 412 683 461 habebat
699 430 771 478 opes.

221 486 338 537 Creditur
354 484 471 535 armiferae
488 484 584 551 signum
602 484 699 535 coeleste
714 488 844 539 Minervae

257 559 330 611 Urbis
348 560 372 609 in
387 559 466 608 lliacae
483 556 605 610 desiluiffe,
619 556 685 625 juga.

221 632 287 685 Cura
303 632 388 683 videre
401 632 448 681 fuit
461 646 468 699 ς
483 630 534 679 vidi
549 634 713 698 templumque
729 634 892 703 locumquet

259 706 316 761 Hoc
333 703 438 772 superest
454 704 505 755 illic
516 720 524 755 t
536 703 632 754 Pallada
647 705 725 755 Roma
740 718 830 760 tenet.

157 794 209 855 425
224 780 362 831 Consulitur
376 778 516 829 Smintheus
528 792 536 828 t
548 778 654 844 lucoque
668 778 784 829 obscurus
799 799 904 849 opaco,

257 853 312 903 Hos
329 868 378 902 non
395 852 499 903 mentito
515 850 620 901 reddidit
635 867 678 901 ore
695 852 779 903 sonos.

218 926 354 981 AEtheriam
369 927 463 977 servate
479 921 580 982 Deam,
597 924 721 976 servabitis
733 926 833 977 Urbem
844 943 856 979 t

257 1000 387 1067 Imperium
404 998 484 1048 secum
500 997 634 1048 transferet
647 999 689 1047 illa
707 999 768 1050 loci.

221 1075 326 1134 Servat,
344 1073 371 1124 dt
385 1072 499 1123 inclusam
517 1071 606 1121 summi
620 1082 690 1121 tenet
704 1072 755 1123 ilus
770 1073 796 1122 in
813 1091 895 1135 arcer

157 1163 213 1215 430
261 1147 373 1214 Curaque
384 1147 419 1196 'ad
433 1145 549 1195 heredem
567 1144 732 1195 Laomedonta
746 1148 831 1197 venit.

221 1220 271 1273 Sub
286 1219 380 1271 Priamo
397 1220 488 1269 servata
503 1234 587 1284 parum
599 1233 606 1267 t
618 1216 653 1267 sic
669 1218 718 1283 ipsa
730 1221 862 1281 volebat,

257 1293 294 1345 Ex
310 1310 358 1359 quo
373 1292 464 1359 judicio
481 1292 559 1341 forma
573 1291 664 1341 revidia
681 1291 723 1343 suo
738 1293 783 1342 est.

221 1368 271 1418 Seu
286 1382 362 1434 genus
377 1365 470 1417 Adrasti
485 1399 493 1425 ,
512 1364 554 1415 seu
569 1364 640 1415 furtis
653 1377 724 1430 aptus
739 1366 869 1435 Ulyss'es,

257 1440 307 1489 Seu
322 1440 376 1505 pius
392 1437 507 1497 AEneas,
526 1438 636 1503 eripuiffe
652 1440 731 1489 datur.

158 1528 210 1580 435
223 1512 315 1564 Anuor
329 1514 352 1562 in
366 1513 461 1563 incerto
475 1543 483 1570 ,
501 1528 542 1562 res
557 1511 591 1561 est
603 1511 712 1561 Romana
723 1528 731 1563 t
742 1523 833 1564 tuetur

257 1585 349 1645 Vesta,
367 1586 434 1655 quod
449 1585 548 1636 assiduo
559 1585 649 1635 lumine
662 1587 747 1636 cuneta
762 1588 847 1637 videt.

219 1660 277 1711 Heu
291 1659 297 1708 i
312 1671 426 1727 quantum
438 1660 541 1708 timuere
553 1655 637 1709 Patres
648 1691 656 1717 ,
672 1676 721 1725 quo
735 1671 855 1725 ternpore
865 1662 935 1713 Veia

253 1728 344 1791 dreit,
364 1733 390 1783 δι
407 1730 440 1781 est
454 1731 534 1799 adytis
550 1731 643 1792 obruta
650 1749 719 1798 paene
736 1731 805 1783 suis!

223 1806 366 1874 Plagrabant
384 1804 455 1856 sandi
470 1804 593 1856 sceleratis
610 1805 704 1874 ignibus
719 1804 810 1874 ignes,

158 1898 213 1946 440
259 1879 388 1946 Mixtaque
403 1891 456 1930 erat
469 1878 570 1928 flammae
583 1879 678 1928 flamma
690 1879 793 1946 profana
805 1882 871 1947 piae.

222 1952 343 2004 Attonitae
359 1953 468 2020 debant,
486 1950 585 2002 demiffo
601 1952 687 2011 crine,
702 1952 817 2004 ministrae
832 1972 844 2013 ς

257 2025 394 2076 Abstulerat
410 2026 475 2076 vires
490 2025 599 2092 corporis
614 2026 663 2091 ipse
678 2026 760 2076 timor.

204 2157 207 2160 ,
222 2099 338 2151 Provolat
349 2099 372 2148 in
383 2100 486 2148 medium
499 2132 506 2157 ,
523 2099 549 2149 δι
561 2099 665 2166 magni,
679 2099 823 2151 succurrite
832 2135 844 2158 ,
859 2118 938 2154 vote.

258 2173 316 2223 Non
332 2171 365 2224 est
381 2171 494 2222 auxilium
509 2172 589 2230 flere,
607 2172 725 2224 Metellus
740 2173 787 2225 ait.

152 2263 195 2322 ⁸44
200 2261 211 2310 5
226 2245 330 2314 Pignora
345 2245 461 2313 virgineis
476 2241 558 2296 fatalia
571 2245 652 2296 tollite
667 2238 750 2313 palmis
763 2262 773 2305 ς

258 2321 316 2370 Non
332 2335 362 2368 ea
376 2319 429 2369 sunt
445 2330 527 2376 voto,
547 2317 588 2367 sed
603 2319 719 2385 rapienda
731 2337 813 2370 manu.

219 2392 266 2444 Me
282 2393 391 2444 miserum
406 2391 411 2442 !
426 2388 561 2442 dubitatis?
579 2391 613 2440 ait
627 2407 635 2443 a
649 2392 759 2442 dubitare
775 2394 901 2453 videbat,

257 2465 290 2515 Et
306 2465 403 2531 pavidas
419 2465 502 2531 posito
517 2465 668 2532 procubuiffe
686 2483 758 2535 genu.

220 2537 310 2589 Haurit
324 2553 414 2604 aquas,
430 2540 570 2606 tollensque
582 2555 683 2598 manus,
699 2538 845 2606 Ignoscite,
863 2540 935 2597 dixit,

158 2629 212 2679 450
259 2612 332 2662 Sacra
345 2626 353 2662 t
364 2611 403 2661 ‘vir
418 2611 513 2663 intrabo
531 2629 580 2662 non
594 2607 706 2662 adeunda
720 2612 786 2663 viro.

222 2685 248 2736 Si
262 2684 339 2736 scelus
357 2683 407 2744 est,
425 2685 450 2734 in
462 2701 501 2736 me
516 2685 637 2736 commissi
652 2701 723 2751 poena
739 2686 878 2738 redundet.

258 2759 295 2810 Sit
309 2759 393 2824 capitis
406 2758 492 2810 damno
507 2759 586 2808 Roma
601 2759 679 2809 soluta
691 2759 748 2808 mei.

219 2832 311 2890 Dixit,
330 2832 356 2884 δι
368 2833 460 2898 irrupit.
476 2831 572 2882 Festum
584 2832 640 2882 Dea
655 2845 723 2899 rapta
737 2833 876 2902 probavitr

256 2903 429 2973 Pontificisque
443 2905 477 2956 sui
495 2921 594 2956 munere
609 2917 663 2956 tuta
676 2906 730 2958 fuit.
