1975 3700
170 274 249 349 204
287 256 329 323 P.
354 255 552 326 Orrnrr
577 255 810 325 Nisonrs

123 391 157 441 45
176 376 228 429 Sed
236 376 288 427 sine
298 375 421 429 funeribus
432 388 504 441 caput
511 374 580 433 hoc,
594 373 646 425 sine
656 373 750 425 bonore
760 374 870 440 sepulcri
902 382 912 405 ¹

207 449 387 516 Indeploratum
404 449 503 497 barbara
518 461 582 499 terta
597 459 675 513 teget.

169 522 282 588 Ecquid,
301 534 328 573 ut
343 521 464 580 audieris,
482 520 536 571 toti
551 522 681 570 turbabere
696 532 777 570 mente
790 517 802 569 ἒ

206 596 238 645 Et
254 595 326 647 series
341 594 427 661 pavidi
444 594 544 661 peslora
554 592 605 643 fida
620 591 716 642 manu?

170 668 283 737 Ecquid,
302 668 326 717 in
340 668 383 718 has
397 666 482 717 srustra
497 666 600 717 tendens
616 679 656 715 tua
668 666 764 715 brachia
779 678 886 732 partes,

17 787 19 791 .
127 757 160 807 50
209 740 330 793 clamabis
345 740 425 790 miseri
438 756 528 791 nornen
543 739 613 789 inane
629 736 697 788 viri?

174 814 251 867 Parce
263 826 344 865 temen
355 815 462 864 lacerare
475 828 573 881 geum
591 828 638 863 nec
653 810 735 862 scinde
749 811 864 877 capillos.

113 938 115 943 .
206 889 264 938 Non
276 888 322 939 tibi
333 903 398 938 nunc
411 884 530 953 prinlum,
547 888 590 936 lux
603 902 656 935 mea
668 918 676 942 ,
690 896 772 951 raptus
789 901 846 935 eros

170 960 232 1013 cum
245 962 346 1028 patriam
359 959 446 1019 amisi,
462 971 515 1009 tum
529 976 568 1010 me
583 957 676 1025 petiisse
691 970 778 1024 putato
790 973 799 1008 c

206 1035 238 1085 Et
252 1035 337 1103 prior,
352 1037 378 1085 bt
392 1032 489 1101 punior
504 1048 570 1083 mors
585 1032 631 1081 suit
647 1032 688 1080 illa
703 1031 769 1080 mibi.

128 1121 159 1171 55
171 1108 258 1166 Nunc,
269 1108 362 1159 sisorte
370 1117 456 1174 potes,
467 1104 566 1155 sednon
575 1118 662 1172 potes,
672 1105 762 1169 optima
771 1102 863 1169 conjux
874 1136 887 1163 ,

206 1181 290 1233 linitis
306 1181 383 1249 gaude
395 1190 435 1229 tot
449 1178 507 1229 mihi
521 1190 601 1228 morte
612 1178 690 1228 mulir.

170 1252 250 1319 Qudm
264 1265 353 1321 potes,
368 1264 473 1303 extenua
485 1253 543 1302 sorti
555 1252 616 1303 mela
632 1251 707 1300 corde
720 1250 841 1308 serendo;

207 1326 244 1377 Ad
258 1344 310 1393 quae
324 1325 372 1392 jam
387 1326 479 1393 pridem
492 1340 542 1375 non
555 1326 616 1375 rude
633 1324 716 1391 pestus
729 1325 813 1373 babes.

167 1399 250 1467 Atque
261 1400 350 1449 utinam
360 1410 463 1465 pereant
471 1398 555 1449 animae
566 1414 619 1447 cum
631 1411 735 1462 corpore
745 1395 830 1446 nostre
844 1394 852 1443 !

124 1468 159 1521 60
208 1472 359 1541 Effugiatque
375 1472 458 1521 avidos
472 1488 527 1539 pars
542 1471 600 1521 mibi
612 1472 676 1521 nulla
690 1470 785 1537 rogos!

138 1596 144 1618 s
168 1546 230 1597 Nem
241 1548 262 1596 si
272 1580 281 1605 ‚
290 1558 369 1595 morte
381 1560 464 1595 cerens
475 1577 483 1604 ,
501 1560 601 1595 mcuem
611 1544 679 1594 volat
689 1544 751 1594 altus
761 1543 787 1593 iu
797 1556 885 1593 auram

202 1618 322 1685 Spiritus,
341 1618 366 1668 bt
382 1618 453 1669 Samii
467 1618 521 1667 sunt
534 1618 590 1667 rata'
602 1617 663 1667 uiua
677 1616 762 1674 senis3

166 1690 233 1743 luter
248 1692 390 1743 Sarmaticas
405 1690 513 1741 Romana
527 1690 650 1757 vagabitur
665 1690 777 1747 umbras,

203 1763 299 1832 Perque
313 1766 380 1829 seros
394 1763 583 1829 menesvbospita
598 1764 691 1829 semper
708 1761 765 1812 erit.

121 1836 136 1887 6
141 1853 153 1900 5
168 1835 224 1888 Osse
239 1851 320 1890 temen
335 1839 410 1889 facito
426 1837 499 1904 parvi
515 1838 650 1888 reserantur
666 1836 690 1885 in
706 1834 776 1886 urnd.

201 1911 241 1962 Sic
257 1928 304 1980 ego
318 1929 367 1962 non
382 1911 454 1962 etiam
470 1923 579 1962 mortuus
594 1910 661 1960 exsul
676 1925 729 1959 ero.

164 1984 218 2039 tue
227 1998 295 2035 vetat
302 1986 350 2035 hoc
360 1986 484 2051 quisquam
492 2001 503 2034 ι
510 1986 608 2034 fratrem
614 1983 732 2032 Thebana
739 1990 881 2046 peremtunr

202 2057 331 2125 Supposuit
346 2059 459 2115 tumulo,
477 2057 547 2124 Rege
563 2056 682 2114 vetante,
698 2055 775 2105 soror.

162 2129 245 2198 Atque
261 2147 289 2181 ea
303 2147 356 2181 cum
372 2130 436 2180 foliis
453 2131 479 2180 &
494 2130 581 2181 amomi
594 2131 695 2195 pulvere
709 2127 800 2187 nisce,

118 2218 154 2266 70
202 2204 277 2271 lnque
294 2204 428 2256 suburbano
445 2203 544 2253 condita
559 2219 623 2269 pone
640 2202 701 2252 solo.

162 2274 282 2344 Quosque
299 2278 364 2346 legat
379 2278 460 2328 versus
478 2277 551 2326 oculo
566 2289 713 2342 properante
727 2274 829 2333 viator,

200 2349 337 2402 Grandibus
351 2351 376 2400 in
392 2349 481 2401 ntmuli
491 2365 610 2401 marmore
626 2349 693 2400 caede
710 2348 784 2398 notis.

162 2419 211 2473 lllc
228 2439 276 2492 ego
293 2425 334 2490 qui
347 2422 439 2488 jaceo,
456 2436 597 2474 tenerorum
611 2422 676 2473 lusor
689 2437 816 2478 amorum,

198 2496 300 2562 Ingenio
318 2496 378 2563 perii
392 2497 457 2547 Naso
470 2499 542 2562 poeta
553 2499 624 2545 ineo.
699 2506 702 2514 ·
722 2507 727 2515 ·

118 2581 150 2631 75
164 2567 197 2620 At
211 2568 255 2618 tibi
269 2568 309 2636 qui
324 2569 426 2628 transis,
445 2585 477 2620 ne
491 2570 524 2618 sit
540 2584 634 2637 grave,
652 2565 757 2633 quisquis
773 2561 880 2625 amulii,

47 2635 53 2656 '
197 2642 308 2701 Dicere,
325 2640 427 2693 Nasonis
444 2642 550 2692 molliter
565 2642 613 2692 ossa
628 2640 727 2690 cubent.

160 2715 218 2766 Hoc
232 2716 287 2766 setis
303 2716 327 2765 in
342 2714 413 2765 titulo
428 2715 480 2765 est:
494 2715 585 2766 etenim
599 2714 689 2779 majora
702 2711 798 2772 libelli,

197 2788 228 2839 Et
245 2789 354 2839 diuturna
369 2789 443 2856 magis
459 2788 513 2837 sunt
528 2797 682 2837 monumenta
698 2787 756 2835 mei.

160 2859 231 2926 Quos
248 2877 296 2931 ego
312 2859 427 2920 conlido,
446 2860 553 2928 quamvis
570 2876 698 2918 nocuere,
717 2859 821 2909 daturos

116 2929 152 2983 80-
196 2934 316 2996 Nomen,
334 2936 360 2989 δι
374 2935 465 2988 costori
482 2945 593 3000 tempore
609 2934 681 3003 longe
696 2931 753 2984 sue.
