1975 3700
120 222 404 291 Triarium
430 219 537 289 LG.
562 220 648 291 ΙΙΙ.
683 240 757 315 215
838 206 841 211 ’

36 348 116 411 Saepe
132 342 218 391 sonant
234 340 294 389 moti
308 338 385 406 glacie
401 338 525 403 pendente
540 337 638 404 capilli,

80 416 117 466 Et
133 414 196 465 nitet
210 412 308 463 indusio
326 412 425 460 candida
441 412 516 461 barba
529 411 606 478 gelua
682 414 686 420 '

38 491 151 555 Udaque
170 484 302 537 consiliunt
317 484 418 535 sormam
433 483 552 534 servantia
567 483 634 534 telle

80 562 151 613 Vina
163 576 171 611 a
183 576 229 611 nec
239 558 388 609 haulla'meri
401 590 408 616 ,
427 557 468 607 sed
479 558 534 607 data
543 556 615 607 srulia
623 557 719 611 bibunt.

42 636 117 703 Quid
130 636 236 701 loquar,
253 644 282 684 ut
297 631 369 681 vineti
384 632 543 681 concrescant
556 630 649 697 frigore
665 635 731 691 riri,
769 648 802 697 25

82 710 177 774 Deque
193 709 249 756 lacu
266 705 363 773 fragiles
379 703 524 754 effodiantur
537 703 628 770 aquari

42 782 101 850 lpse
114 815 122 839 ‚
143 778 285 847 papyrifero
300 778 341 845 qui
354 794 404 828 non
419 777 540 845 angustior
552 793 643 838 amne,

83 853 206 905 Miscetur
222 851 287 901 vaslo
303 851 378 901 multa
392 867 437 917 per
452 866 495 901 ora
511 851 598 910 freto,

45 928 178 979 Caeruleos
193 925 273 977 ventis
288 924 373 975 latices
390 924 546 984 durantibus,
565 924 626 975 Ister

87 1000 230 1067 Congelat,
253 999 278 1049 δι
292 997 362 1047 testis
378 997 403 1047 in
419 1014 484 1048 mare
501 997 574 1064 serpit
592 996 670 1064 aquis.
772 1013 806 1065 30

47 1072 159 1139 Quasque
175 1084 241 1122 rates
258 1072 353 1130 ie'rant,
369 1070 472 1137 pedibus
486 1086 551 1121 nunc
565 1071 633 1123 itur:
647 1072 674 1123 dt
690 1072 766 1123 undas

87 1147 191 1214 Frigore
205 1156 333 1195 concretas
344 1145 434 1212 ungula
446 1145 524 1211 pulsat
540 1145 607 1211 equi.

48 1220 150 1285 Perque
167 1234 245 1269 novos
262 1230 369 1283 pontes,
388 1218 469 1268 subter
484 1218 620 1268 labentibus
635 1217 726 1279 undis,
809 1242 812 1247 ·

88 1294 194 1343 Ducunt
208 1291 334 1343 Sarmatici
350 1292 450 1341 barbara
463 1290 565 1357 plauslra
579 1293 664 1342 boves.

49 1366 103 1421 Vix
118 1364 232 1432 equidem
248 1365 353 1415 credar:
368 1364 408 1415 sed
423 1361 476 1414 edm
492 1364 541 1415 sint
555 1364 652 1431 praemia
667 1365 720 1417 salsi
774 1380 787 1432 3
794 1381 820 1429 5·

89 1440 186 1497 Nulla,
203 1450 278 1488 ratam
293 1437 359 1488 testis
373 1438 447 1487 debet
463 1438 553 1488 habere
566 1436 648 1489 fidem.

50 1511 167 1565 Vidimus
182 1512 305 1579 ingentem
320 1512 398 1579 glacie
413 1510 542 1560 consistere
558 1523 679 1578 pontum,

90 1586 243 1650 Lubricaque
259 1584 370 1634 immotas
385 1583 444 1633 testa
459 1585 586 1649 premebat
601 1602 684 1651 aquas.

53 1660 109 1709 Nec
125 1656 208 1707 vidisse
225 1656 328 1710 latest:
345 1658 429 1707 durum
444 1658 587 1709 calcavimus
602 1674 704 1724 aequore

90 1731 214 1797 Undaque
228 1746 278 1779 non
295 1730 345 1780 aido
361 1730 401 1780 sub
418 1730 481 1797 pede
497 1730 586 1782 summa
600 1732 656 1783 fuit.
774 1747 811 1794 40

56 1805 81 1855 Si
97 1805 144 1856 tibi
160 1805 210 1854 tale
226 1803 315 1854 fretum
331 1804 471 1871 quondam,
488 1803 616 1864 Leandro,
633 1805 728 1864 sitisset,

93 1880 153 1928 Non
168 1878 234 1929 foret
250 1876 353 1944 angustae
368 1894 434 1928 mors
450 1889 492 1928 tur
509 1878 599 1928 crimen
615 1895 692 1944 aquae.

56 1952 120 2001 Turn
139 1967 220 2015 neque
237 1950 261 2000 se
278 1950 349 2015 pandi
366 1949 460 2016 possunt
475 1951 601 2016 delphines
615 1952 640 2000 in
652 1969 722 2004 auras

92 2025 200 2074 Tollere
215 2035 351 2074 :conantes
368 2024 425 2074 dura
441 2025 541 2074 codrcer
556 2025 642 2076 hiems.

57 2097 87 2147 Et
102 2096 214 2164 quamvis
230 2098 321 2147 Boreas
335 2095 426 2161 jallans
442 2097 537 2146 insonet
550 2099 613 2156 alis,
778 2112 811 2160 45

94 2169 193 2220 Flusius
209 2170 235 2219 in
249 2167 340 2220 obsess'o
356 2171 450 2237 gurgite
466 2171 545 2220 nullus
562 2171 617 2220 erit.

59 2243 209 2310 inclusaeque
224 2244 280 2310 gelu
294 2243 406 2301 stabunt,
422 2255 450 2293 ut
466 2259 605 2301 marmore,
623 2257 735 2309 puppesa

94 2317 152 2366 Nec
166 2317 259 2382 poterit
271 2316 360 2384 rigidas
376 2314 468 2366 findere
482 2333 563 2366 remus
578 2333 661 2384 aquas.

60 2389 172 2443 Vidimus
187 2390 212 2438 in
226 2390 302 2456 glacie
319 2389 396 2455 pisces
411 2391 505 2440 haerere
522 2391 629 2458 ligatore

96 2463 129 2513 Et
145 2479 201 2528 pars
216 2479 247 2513 ex
262 2463 309 2513 illis
323 2475 373 2512 tum
390 2479 487 2530 quoque
502 2462 559 2514 viva
574 2464 630 2513 fuit.
782 2477 815 2527 50

51 2535 118 2586 'Siue
133 2537 207 2603 igitur
223 2535 296 2604 nimii,
305 2536 390 2585 Boreae
404 2537 441 2588 vis
458 2537 519 2590 saeva
534 2537 656 2596 marinas,

98 2609 157 2659 Sive
173 2609 318 2659 redundatas
332 2609 430 2659 numine
446 2609 513 2675 cogit
526 2627 599 2676 aquas
611 2627 621 2669 ς

64 2681 198 2740 Protinus,
218 2695 315 2750 aequato
331 2683 402 2732 siccis
419 2682 579 2749 Aquilonibus
594 2683 652 2734 lstro
661 2715 671 2745 ,

98 2755 228 2806 invehitur
242 2755 318 2804 celeri
333 2757 446 2806 barbarus
462 2754 535 2806 holiis
551 2773 625 2824 equo.

65 2826 144 2876 Hostis
160 2839 224 2895 equo
239 2829 352 2895 pollens,
372 2829 493 2897 longeque
507 2831 606 2880 volante
623 2827 726 2899 sagitti,
782 2841 815 2892 55

100 2900 214 2955 Vicinam
232 2900 280 2954 lete
298 2901 459 2971 depopulatur
476 2903 582 2956 humum.
