1975 3700
214 269 287 360 184
334 268 375 337 P.
404 266 597 337 ommi
625 268 863 341 Nasonis

211 386 241 437 Et
254 386 294 451 pia
308 398 361 435 tura
378 386 431 435 dedi
448 402 493 450 pro
510 398 535 435 te
550 402 557 437 ε
574 402 677 451 cumque
693 390 804 441 omnibus
821 408 887 441 unus

165 457 199 507 60
247 458 300 524 lpse
318 475 414 527 qnoque
430 458 512 524 adjuvi
528 460 625 524 publica
638 472 697 510 vota
715 462 784 512 meis.

209 530 275 595 Quid
286 532 390 581 referam
400 532 473 581 libros
484 564 492 590 ,
508 531 562 582 illos
574 548 671 598 quoque
682 566 691 593 ,
712 536 809 585 crimina
821 534 920 595 nostra,

244 604 315 654 Mille
334 605 393 655 locis
409 607 496 671 plenos
511 605 615 655 nominis
630 605 677 657 effe
693 605 754 656 tui?

207 677 300 743 lnspice
314 676 391 744 majus
407 694 487 745 opus,
505 678 570 744 quod
584 680 662 728 adbuc
679 680 732 729 sine
746 677 795 729 fine
808 678 917 747 reliqui,

244 752 271 800 ln
287 767 336 801 non
352 751 489 801 credendos
505 768 610 819 corpora
623 752 691 803 versa
706 752 815 811 medon

81 886 85 893 ἱ
163 820 196 886 65
210 824 322 875 Invenies
339 825 410 877 vestri
423 826 544 889 praeconia
560 826 663 875 nominis
678 826 753 883 illic,

243 898 356 948 Invenies
374 898 445 947 animi
464 900 563 964 pignora
580 900 653 949 multa
667 898 725 947 mei.

207 971 266 1021 Non
280 985 321 1021 tua
335 972 476 1021 carminibus
493 968 571 1035 major
587 970 615 1019 fu
631 971 730 1037 gloria,
747 986 794 1022 nec
811 970 882 1039 qud,

244 1046 279 1094 Ut
294 1042 370 1110 maior
386 1042 446 1102 fiat,
465 1044 575 1093 crescere
590 1044 686 1109 possit,
705 1045 787 1093 babet·

207 1116 278 1169 Fama
290 1116 346 1168 Jovi
357 1116 459 1182 superest
472 1133 479 1167 c
491 1129 572 1166 tamen
583 1118 647 1165 hunc
659 1116 698 1167 lua
709 1117 768 1166 falla
778 1117 887 1177 referri,

162 1206 197 1253 70
246 1190 276 1239 Et
294 1191 317 1240 se
333 1189 455 1241 materiam
473 1189 585 1241 carminis
600 1188 668 1248 effe,
687 1188 775 1254 juvat:

208 1262 316 1329 Cquue
334 1263 448 1329 Gigantei
465 1274 626 1313 memorantur
641 1263 726 1327 proelia
740 1263 820 1319 belli,

244 1337 365 1386 Credibile
381 1335 413 1385 ell
427 1337 509 1385 laetum
525 1335 635 1385 laudibus
650 1334 697 1385 effe
714 1335 770 1385 luis.

207 1408 245 1459 Te
263 1411 387 1459 celebrant
403 1408 442 1459 alii
458 1421 549 1474 quanto
566 1408 638 1457 decet
654 1410 716 1467 or'e,
738 1421 843 1473 tuasque

243 1483 343 1549 Ingenio
359 1482 443 1533 laudes
457 1481 568 1531 uberiore
585 1493 683 1531 canunt.

164 1569 195 1618 75
210 1556 258 1605 Sed
274 1567 371 1613 tamen,
389 1566 417 1605 nt
434 1555 485 1605 fuso
500 1568 623 1605 taurorum
638 1553 752 1621 sanguine
768 1566 892 1613 centum,

243 1628 284 1675 Sic
297 1629 389 1693 capitur
404 1628 504 1677 minimo
519 1628 578 1677 turis
594 1629 688 1677 bonore
704 1628 785 1677 Deus.

207 1700 246 1751 Ab
265 1701 330 1751 letus
346 1702 352 1749 1
370 1703 395 1751 &
412 1702 481 1751 nobis
497 1698 595 1750 nimitim
608 1701 739 1749 crudeliter
755 1699 854 1758 hostis,

243 1774 351 1823 Delicias
364 1774 423 1841 legit
440 1774 479 1840 qui
495 1774 539 1823 tibi
553 1788 655 1840 cumque
668 1790 733 1823 meas
748 1772 755 1820 l

208 1845 219 1914 (
234 1846 346 1898 Carmina
362 1865 392 1898 ne
406 1848 488 1898 nollris
502 1848 538 1899 sic
552 1860 578 1898 te
594 1846 734 1898 venerantia
747 1846 816 1898 libris

164 1921 197 1970 80
245 1921 342 1974 Judicio
358 1921 450 1987 possint
466 1922 603 1971 candidiore
620 1921 703 1989 legi.)

206 1994 258 2045 Ello
274 1995 313 2044 sed
325 1995 387 2044 irato
405 1995 457 2060 quis
474 2007 500 2043 te
515 1995 570 2043 mibi
587 1993 664 2059 pollet
679 1989 792 2044 amicus?

242 2067 294 2134 Vir
307 2084 370 2118 nnnc
383 2067 432 2132 iple
450 2067 507 2116 mibi
523 2084 572 2117 non
588 2067 698 2118 inimicus
710 2083 784 2116 eram.

149 2139 155 2148 ”
208 2137 270 2191 Ciam
288 2141 362 2206 coepit
377 2138 485 2206 quassata·
496 2141 580 2190 domus
596 2141 739 2199 subsidere,
756 2150 841 2206 partes

244 2215 271 2264 ln
287 2214 431 2280 proclinatas
449 2229 520 2263 omne
534 2214 654 2264 recumbit
670 2228 749 2264 onus:

163 2287 194 2348 85
210 2287 367 2352 Cunllaque,
389 2286 494 2338 Fortun&
510 2287 593 2346 rimam·
608 2287 732 2344 faciente,
752 2283 895 2336 dehiscunt.

242 2360 294 2425 Ipsa
306 2361 349 2412 suo
365 2361 484 2427 qnondam
498 2360 606 2425 pondere
618 2360 680 2408 tella
693 2371 775 2408 ruunt.

180 2433 246 2502 Ergo
256 2435 377 2484 bominum
419 2433 512 2482 aesitnm
523 2433 604 2482 odium
614 2433 671 2482 mihi
681 2432 785 2481 carmine
798 2445 806 2480 t
820 2430 918 2498 quique

251 2507 365 2565 Debuit,
384 2451 425 2556 21
429 2507 509 2556 vultus
522 2508 590 2557 turba
606 2506 688 2556 secuta
703 2518 768 2556 tuos.

205 2580 258 2638 At,
275 2579 391 2636 memini,
407 2579 527 2646 vitamque
543 2595 619 2628 meam
634 2594 762 2644 moresque
777 2578 901 2642 probabas

162 2669 194 2718 90
244 2654 309 2711 Illo,
328 2669 400 2718 quem
415 2652 535 2710 dederas,
553 2652 722 2718 praetereuntis
739 2667 814 2716 equo.

206 2726 281 2792 Quod
294 2726 314 2778 si
327 2743 376 2774 non
392 2725 507 2791 prodest,
527 2725 551 2778 ἃ
567 2724 660 2774 bonelli
675 2725 751 2792 gratia
765 2724 832 2772 nulla

242 2799 381 2858 Redditur3
397 2812 422 2848 at
438 2799 528 2848 nullum
544 2798 634 2848 crimen
648 2798 750 2864 adeptus
764 2812 843 2852 eram,

204 2875 258 2924 Nec
275 2870 336 2922 male
353 2869 470 2922 commilla
487 2871 520 2922 est
534 2871 604 2921 nobis
620 2871 716 2921 fortuna
731 2885 850 2928 reorum,

240 2947 329 3012 Lisque
346 2946 430 2996 decom
447 2944 529 2996 decies
543 2944 690 3017 inspicienda
705 2943 774 2996 viris.
