1975 3700
124 253 267 324 Enisa.
292 269 352 321 ax
378 255 524 322 Ponto
552 252 594 320 L.
617 252 685 322 IV.
712 269 797 346 353·⁸

74 373 137 432 Sic,
155 371 294 423 affediantes
311 369 416 439 coeleliia
430 387 525 438 regna,
544 369 663 440 Gigantas

116 446 157 497 Ad
175 445 250 514 Styga
266 445 394 495 nimbifero
411 444 512 494 vindicis
529 443 585 511 igne
604 443 684 494 datos.
801 439 835 491 60
921 477 925 487 .

78 519 122 570 sic
137 519 216 569 vidior
231 519 326 572 laudem
342 517 460 582 superatis
472 517 547 568 uber
562 517 591 568 ab
606 515 692 575 Indis,
750 563 751 566 ,

119 592 220 642 Alcides
238 591 308 658 capti
321 592 395 641 traxit
409 593 440 640 ab
456 590 574 642 (uenalia.

79 666 113 716 Et
124 662 198 715 modi>
209 698 216 723 ,
235 664 333 722 cent,
349 663 446 722 Avnm',
463 679 534 729 quem
544 664 621 713 virtus
631 661 725 712 addidit
734 659 798 712 astris
809 693 816 718 ,

118 739 248 788 Sacrarunt
261 737 340 803 aliqui
357 737 461 786 carmina
474 748 545 802 parte
561 749 639 786 tuum.

81 811 181 876 Siquid
195 811 273 862 adhuc
289 809 363 876 igitur
378 811 446 866 vivi,
462 808 630 867 Germanice,
645 807 727 860 nostro
800 808 833 870 65

89 937 94 943 ,
118 883 201 934 Restat
216 884 242 932 in
256 883 375 950 ingenio,
392 882 480 933 serviet
497 899 568 932 omne
583 882 647 932 ribi:

80 958 142 1008 Non
156 969 230 1022 potes
246 955 352 1006 officium
367 957 428 1006 vatis
444 966 601 1006 contemnere
615 965 704 1006 vates:

119 1029 216 1081 Judicio
231 1029 335 1094 pretium
352 1046 392 1080 res
408 1030 483 1078 habet
498 1027 540 1078 ista
555 1041 611 1078 tuo.

84 1101 222 1167 Quodnisi
238 1114 265 1152 te
281 1119 371 1151 nomen
385 1113 478 1153 tantum
494 1102 526 1152 ad
539 1100 630 1167 majora
647 1099 775 1159 vocaliet,

121 1175 209 1228 Gloria
225 1174 346 1224 Pi'e'ridum
360 1175 449 1225 summa
461 1175 557 1225 fututris
572 1189 635 1225 eras.
800 1188 835 1234 70

83 1249 133 1300 Sed
150 1250 207 1298 dare
223 1249 348 1298 materiam
363 1248 454 1305 nobis,
471 1250 542 1314 quim
557 1247 678 1306 carmina,
695 1246 791 1312 majus:

120 1323 175 1372 Nec
190 1334 271 1370 tamen
283 1338 315 1370 ex
327 1333 384 1370 toto
400 1320 512 1370 deserere
528 1319 567 1370 illa
579 1332 661 1386 potes.

84 1395 148 1446 Nam
158 1393 232 1444 modo
241 1395 306 1443 bella
316 1394 397 1460 geris,
410 1393 518 1443 numeris
525 1389 599 1444 modi>
608 1393 683 1444 verba
694 1393 798 1442 coerces
810 1407 818 1447 ;

121 1467 246 1534 Quodque
260 1467 313 1516 aliis
328 1483 390 1532 opus
405 1466 459 1523 en,
477 1467 526 1516 hoc
541 1466 586 1516 tibi
599 1465 668 1516 ludus
682 1465 737 1514 erit.

43 1580 48 1584 -
83 1541 170 1606 thue
178 1557 225 1590 nee
233 1541 263 1590 ad
272 1540 444 1598 citharam,nec
452 1540 572 1590 adantum
581 1538 658 1606 segnis
665 1537 757 1604 Apollo
767 1535 810 1594 en,
822 1551 836 1598 7
843 1550 853 1596 5

121 1613 170 1663 Sed
184 1613 252 1663 venit
269 1614 299 1662 ad
314 1613 392 1663 sacras
407 1629 497 1663 nervus
513 1625 616 1678 uterque
632 1626 735 1660 manust

86 1686 127 1738 Sic
141 1686 186 1736 tibi
201 1703 247 1736 nec
265 1687 346 1744 dotti,
361 1701 408 1736 nec
421 1685 506 1736 desunt
523 1685 640 1750 Principis
655 1696 741 1742 artesa

120 1759 202 1810 Mixta
216 1758 257 1809 led
271 1759 305 1808 est
320 1759 402 1808 animo
418 1775 473 1808 cum
485 1757 549 1810 Jove
565 1757 635 1808 Musa
649 1768 703 1806 tuo.

87 1831 151 1898 Quae
166 1833 279 1899 quoniam
294 1848 341 1883 nec
354 1848 399 1883 nos
415 1831 478 1882 undi
496 1830 615 1882 submovit
627 1830 656 1881 ab
670 1830 730 1888 illa,

121 1905 221 1973 Ungula
239 1905 367 1973 Gorgonei
382 1922 452 1972 quam
469 1921 527 1955 aava
545 1904 605 1955 feeit
621 1902 695 1969 equi,
805 1899 839 1949 80

86 1976 189 2044 Prosit,
206 1994 327 2043 opemque
343 1979 406 2028 ferat
422 1978 557 2027 communia
575 1976 639 2027 sacta
654 1973 718 2025 tueri
733 1989 742 2023 t
783 2007 787 2015 =

123 2051 206 2118 Atque
219 2051 297 2101 isdem
312 2050 394 2101 studiis
408 2050 541 2116 imposuiffe
558 2066 663 2101 manum·

86 2124 170 2177 Litora
186 2123 277 2191 pellitis
292 2124 391 2175 nimium
406 2123 511 2190 subjedia
530 2122 634 2174 Corallis

122 2198 160 2248 Ut
175 2199 292 2253 tandem,
307 2198 384 2248 saevos
397 2196 558 2265 effugiamque
574 2196 673 2251 Getas,

87 2270 224 2337 Clausaque
238 2270 259 2321 si
272 2270 359 2321 misero
372 2271 449 2337 patria
464 2269 517 2327 est,
534 2280 562 2319 ut
575 2285 652 2333 ponar
669 2266 694 2317 in
708 2265 779 2324 ullo,
807 2262 839 2326 85

125 2342 176 2407 Qui
192 2344 269 2394 minus
285 2344 391 2394 Ausonii
405 2344 475 2393 distet
489 2344 519 2393 ab
536 2342 624 2401 Urbe,
640 2342 707 2391 loco.

87 2416 162 2467 Unde
177 2431 232 2467 tuas
247 2415 338 2483 possim
353 2417 437 2467 laudes
453 2418 577 2468 celebrare
593 2426 725 2469 recentes,
801 2450 802 2453 ,

125 2488 266 2556 Magnaque
282 2493 351 2555 quim
366 2488 461 2539 minimi
474 2488 536 2539 fadla
550 2489 642 2539 reterre
657 2486 734 2538 mori.

87 2563 185 2628 Tangat
200 2575 227 2611 ut
242 2562 290 2612 hoc
307 2574 393 2612 votum
406 2562 531 2620 coelestia,
549 2578 604 2612 care
618 2561 707 2618 Suilli,

124 2635 248 2697 Numina,
263 2652 309 2704 pro
325 2636 411 2688 socero
425 2652 495 2705 paene
510 2648 610 2703 precare
625 2646 680 2687 tuo.
808 2642 843 2695 90

457 2806 493 2863 *lc

447 2844 509 2936 a<
566 2870 568 2873 ·
