1975 3700
184 220 261 291 206
294 218 336 287 P.
365 218 558 289 Ογιυιι
584 221 821 291 Nasonis

141 357 172 405 25
188 338 270 389 Crede
280 338 337 389 mihi
349 354 357 389 τ
367 340 432 389 bene
443 338 484 406 qui
494 338 565 389 latuit
574 372 585 398 ‚
595 341 661 390 bene
670 341 732 391 vixit
738 359 747 400 ;
761 342 787 393 δι
796 344 866 394 intra

219 412 350 462 fortunam
365 412 439 462 debet
455 412 559 479 quisque
573 430 671 463 manere
688 413 762 465 suam.

185 486 242 537 Non
260 485 324 535 foret
339 484 461 536 Eumedes
478 488 572 544 orbus,
590 486 611 536 si
626 484 690 536 filius
706 485 761 553 ejus

219 558 314 608 Stultus
328 559 452 611 Achilleos
469 576 520 609 non
534 557 663 609 adamallet
674 573 767 625 ‚equos-

183 633 237 684 Nec
254 644 335 681 natum
350 633 375 681 in
389 631 482 681 flamma
499 630 613 691 vidisset,
631 632 658 681 in
672 634 760 683 arbore
776 646 871 693 natas,

140 718 175 771 30
223 704 328 771 Cepillet
344 705 440 773 genitor
456 705 477 755 si
493 703 644 755 Phaethonta
660 705 775 771 Merops.

182 779 223 828 Tu
241 794 338 844 quoque
352 778 455 829 formida
471 776 568 828 nimidm
585 778 691 829 sublimia
707 779 824 846 semper,

219 850 390 917 Propositique
404 868 497 902 memor
511 853 628 902 contrahe
644 852 700 902 vela
715 854 762 901 tui.

184 926 246 976 Nam
260 924 323 991 pede
338 924 455 975 inoffenso
469 924 568 991 spatium
585 924 714 974 decurrere
728 926 787 976 vite

220 998 316 1066 Dignus
334 1014 360 1047 es
373 1014 381 1048 z
393 998 419 1048 ὃ(
435 996 486 1046 fato
503 998 643 1047 candidiore
657 997 715 1049 frui.
821 1014 825 1019 ·

141 1082 154 1136 3
162 1084 174 1134 5
188 1070 250 1135 Quae
263 1088 308 1136 pro
323 1082 349 1121 te
363 1082 391 1121 ut
404 1086 527 1129 voveam,
543 1071 596 1119 miti
608 1072 702 1136 pietate
719 1071 841 1130 mereris,

222 1142 369 1211 Hesurdque
384 1143 441 1192 mihi
458 1155 552 1209 ternpus
569 1144 593 1192 in
610 1160 682 1193 omne
698 1142 756 1193 fide.

184 1216 246 1269 Vidi
263 1234 310 1285 ego
324 1228 350 1268 te
366 1219 408 1267 tali
423 1218 491 1267 vultu
508 1233 561 1265 mea
577 1218 625 1265 fata
640 1229 797 1284 gementem,

222 1290 326 1353 Qualem
344 1290 458 1340 credibile
476 1288 510 1339 est
525 1306 569 1340 ore
585 1288 652 1339 fuille
668 1307 734 1341 meo.

185 1363 271 1413 Nostra
288 1375 340 1413 tuas
356 1363 406 1413 vidi
423 1366 540 1430 lacrymas
555 1362 625 1429 super
640 1380 682 1413 ora
696 1363 836 1431 cadentem

140 1450 175 1498 40
224 1436 347 1502 Tempore
364 1453 422 1502 quas
440 1454 509 1496 uno,
527 1435 622 1503 fidaque
638 1438 732 1496 verba,
750 1437 810 1486 bibi.

185 1509 257 1558 Nunc
273 1525 369 1577 quoque
386 1510 520 1559 submotum
536 1508 613 1559 studio
628 1509 737 1561 defendis
754 1512 882 1568 amicum3

222 1582 254 1634 Et
271 1583 348 1641 mala,
369 1582 409 1631 vix
426 1583 473 1632 ulli
487 1595 556 1649 parre
571 1582 693 1641 levanda,
711 1585 788 1633 levas.

185 1654 249 1709 Vive
267 1654 320 1706 sine
335 1655 445 1715 invidia,
465 1655 601 1722 mollesque
616 1655 733 1724 inglorius
748 1672 826 1705 annos

222 1727 321 1795 Exige:
337 1728 451 1779 amicitias
470 1728 495 1778 δι
514 1728 558 1777 tibi
572 1728 647 1796 junge
664 1746 744 1796 pares.

81 1818 83 1822 ’
141 1816 174 1866 45
187 1800 338 1870 Nasonisque
352 1803 406 1863 tui,
426 1802 492 1869 quod
507 1802 585 1854 adhuc
601 1819 650 1852 non
665 1802 777 1860 exsulat,
796 1818 874 1853 tanum

220 1876 318 1926 Nomen
333 1893 385 1925 arna
397 1891 404 1924 ι
416 1875 546 1943 Scythicus
564 1888 645 1926 cetera
661 1875 752 1926 Pontus
770 1877 855 1925 habet.

186 1946 299 1998 Proxima
314 1947 431 1999 sideribus
447 1951 520 1999 tellus
535 1949 725 2018 Erymanthidos
738 1948 808 1999 Ursae

220 2021 265 2071 Me
281 2016 371 2079 tenet's
389 2021 481 2072 astrielo
496 2035 561 2072 terra
576 2021 670 2089 perusta
687 2023 752 2090 gelu.

184 2093 304 2160 Bosporos
318 2094 343 2145 δι
354 2093 445 2144 Tanais
456 2095 585 2161 superant,
599 2095 769 2163 Scythicaeque
781 2095 899 2162 paludes3

142 2181 175 2230 50
222 2167 321 2234 Vixque
338 2168 391 2218 satis
408 2168 459 2218 noti
476 2169 573 2218 nomina
588 2186 665 2236 pauca
680 2170 739 2219 loci.

182 2238 293 2290 ulterius
310 2241 368 2292 nanu
387 2241 437 2300 est,
458 2241 503 2291 nisi
519 2227 713 2293 noanneane
731 2242 818 2309 frigus.

221 2311 279 2364 Heu
294 2313 299 2363 !
314 2319 383 2381 quim
398 2315 477 2365 vicina
492 2314 527 2365 est
542 2316 625 2365 ultima
641 2329 706 2366 terra
721 2314 801 2365 mihil

183 2384 218 2435 At
235 2385 307 2454 longe
323 2389 398 2453 patria
413 2387 466 2444 est,
484 2387 558 2456 longe
576 2389 698 2440 carissima
711 2388 826 2454 conjux;

221 2457 383 2526 Quicquid&
399 2461 452 2511 haec
467 2461 536 2512 nobis
551 2461 603 2529 post
618 2447 667 2512 duo
681 2463 753 2512 dulce
768 2461 827 2510 luit.

141 2546 173 2600 55
184 2530 224 2583 Sic
236 2545 317 2582 tamen
327 2533 379 2583 haec
391 2534 490 2595 absunt,
502 2548 545 2592 ut,
557 2552 611 2601 quae
621 2535 764 2603 contingere
775 2549 827 2584 non
837 2530 871 2583 est

223 2605 354 2673 Corpore,
372 2605 419 2658 sint
436 2607 515 2658 animo
531 2608 615 2658 cunila
628 2609 732 2658 videnda
746 2623 813 2658 meo.

184 2679 249 2732 Ante
261 2679 347 2730 oculos
358 2692 438 2732 errant
449 2681 901 2741 domus,urbs,&f0ma10c0rum;

220 2754 408 2821 succeduntque
424 2754 470 2805 suis
486 2755 580 2820 singula
594 2754 656 2804 falla
673 2755 746 2805 locis.

183 2826 301 2898 Coniugis
316 2839 372 2878 ante
389 2830 492 2886 oculos,
509 2829 572 2877 sicut
585 2826 706 2892 praesentis
719 2863 726 2887 ,
741 2828 822 2898 imago
838 2825 881 2890 ests

140 2897 176 2950 6ο
223 2901 267 2954 llla
283 2917 351 2956 neos
367 2901 434 2955 casus
450 2901 580 2970 ingravat,
600 2902 641 2953 illa
658 2903 735 2966 levae
