1975 3700
119 237 134 312 .'
206 274 278 347 140
323 258 366 327 P.
395 258 583 368 Orion
610 260 852 356 NASONIS·

203 374 296 441 Appius
314 376 347 425 est
361 378 463 437 auilor,
482 376 577 445 Pyrrho
592 378 633 444 qui
648 395 709 444 pace
725 380 818 447 negati

238 447 345 499 Multum
363 451 442 501 animo
458 452 539 509 vidit3
558 451 649 501 lumine
666 463 750 518 captus
766 466 834 502 erar.

141 536 173 568 zo
179 536 189 581 5
204 519 321 587 Prospicit
337 540 351 572 a
366 526 459 589 templo
476 524 590 574 summum
604 524 684 574 brevis
701 542 757 575 area
774 525 893 576 Circum.

239 594 278 644 Est
292 594 326 645 ibi
341 612 391 646 non
405 614 486 663 parvae
501 614 574 663 parva
590 598 702 646 columna
715 610 791 649 notae.

202 667 266 717 Hinc
283 668 345 718 soler
359 669 421 719 hasta
437 688 527 728 manu,
547 671 606 719 belli
619 672 776 736 praenuncia,
795 671 882 731 mitti,

237 742 265 790 lu
282 758 366 809 regem
382 742 408 793 δι
423 756 527 810 gentes,
543 741 598 792 crim
614 744 696 809 placet
710 760 776 794 arma
792 747 862 811 capi.

201 812 336 865 ALTERA
351 832 405 881 pars
420 817 486 867 Circi
501 815 598 865 custode
611 816 652 866 sub
667 816 776 867 Hercule
790 828 850 868 tuta
863 818 901 868 est
909 833 921 875 3

49 897 50 902 ¹
143 899 192 932 210
241 886 315 951 Quod
331 888 400 939 Deus
417 888 532 939 Euboico
548 888 653 939 carmine
669 907 755 939 munus
771 890 862 941 habet.

202 960 313 1011 Muneris
328 960 361 1010 est
376 975 489 1029 tempus,
510 963 549 1027 qui
561 963 646 1012 Nonas
662 962 760 1011 Lucifer
775 976 837 1013 ante
855 963 901 1014 est.

238 1034 263 1083 Si
277 1035 361 1084 titulos
379 1036 485 1101 queris:
500 1036 566 1103 Sylla
582 1036 695 1100 probavit
712 1052 784 1101 opus.

203 1106 420 1170 QUAEREBAM,
437 1110 522 1159 Nonas
536 1108 617 1157 Sanco
633 1108 734 1157 Fidione
748 1109 897 1169 referrem,

239 1181 278 1229 An
293 1181 355 1240 tibi,
373 1182 446 1231 Semo
461 1194 549 1247 pater:
563 1180 617 1230 crim
632 1181 690 1230 mihi
705 1182 797 1231 Sancus
813 1184 862 1232 ait.

134 1264 190 1313 ,215
206 1252 355 1321 Cuicumque
372 1255 463 1305 exiliis
481 1254 595 1313 dederis,
615 1270 663 1321 ego
679 1271 765 1304 munus
781 1256 896 1306 habebo.

239 1326 342 1376 Nomina
358 1328 421 1379 trina
434 1328 488 1377 fero
503 1344 510 1378 ι
524 1328 560 1377 sic
575 1329 676 1377 voluere
694 1326 783 1377 Cures.

202 1398 275 1448 Hunc
292 1400 365 1467 igitur
381 1413 479 1451 veteres
496 1401 616 1451 donarunt
632 1401 685 1450 aede
701 1400 802 1459 Sabini,

239 1473 315 1537 Inque
333 1472 453 1537 Quirinali
471 1473 615 1524 constituere
632 1472 700 1540 jugo.

203 1544 264 1595 EST
274 1546 329 1595 milri
340 1580 347 1605 ,
359 1547 439 1613 sitque
450 1580 457 1606 ‚
469 1564 571 1614 precor,
584 1547 668 1597 nostris
679 1546 816 1597 diuturnior
827 1548 919 1605 annis,

141 1622 201 1664 220'
242 1620 301 1669 filia
312 1636 320 1670 t
333 1620 378 1687 qui
394 1622 453 1671 felix
467 1621 555 1686 sospite
571 1620 664 1687 semper
679 1636 732 1670 ero.

203 1684 274 1742 Hanc
290 1709 337 1761 ego
352 1692 407 1743 cuim
418 1695 507 1743 vellem
520 1709 613 1761 genero
627 1693 702 1752 dare,
718 1708 830 1758 tempora
848 1696 922 1745 taedis

240 1764 304 1831 Apta
320 1768 489 1835 requirebam,
512 1783 614 1832 quaeque
631 1767 739 1815 cavenda
754 1766 851 1816 forent.

203 1837 266 1888 Tum
283 1838 339 1888 mihi
357 1840 408 1906 poll
424 1840 499 1890 sacras
516 1838 658 1890 monstratur
677 1837 763 1890 lunius
778 1838 839 1890 ldus

242 1913 316 1962 Utilis
334 1913 360 1962 δι
376 1914 475 1979 nuptis,
496 1914 563 1963 utilis
579 1912 627 1962 elle
643 1913 711 1963 viris.

141 1999 190 2046 225
205 1981 330 2050 Primaque
345 2002 398 2050 pars
414 1985 485 2052 hujus
499 1986 608 2036 thalamis
622 1987 700 2035 aliena
714 1996 814 2051 reperta
833 1985 883 2038 eli.

237 2057 299 2106 Nam
317 2059 375 2108 mihi
393 2059 427 2109 sic
445 2058 536 2126 conjux
552 2058 629 2108 sanila
644 2058 722 2109 Dialis
738 2060 783 2107 ait.

201 2129 290 2180 Donec
305 2132 334 2181 ab
351 2133 424 2182 lliaca
441 2133 549 2199 placidus
565 2131 704 2198 purgamina
718 2129 793 2181 vesta

237 2205 363 2255 Detulerit
377 2204 445 2255 flavis
459 2207 483 2255 in
500 2222 566 2254 mare
580 2204 662 2254 Tibris
676 2204 745 2270 aquis
757 2221 766 2261 ς

201 2277 257 2326 Non
275 2280 333 2328 mibi
349 2279 463 2329 detonsos
480 2279 560 2328 crines
577 2276 706 2342 depeiiere
722 2277 811 2332 buxo,

129 2359 194 2412 '230
242 2353 300 2401 Non
316 2367 409 2420 ungues
426 2352 492 2401 ferro
509 2350 649 2400 subsecuilie
664 2351 743 2400 licet:

202 2423 260 2474 Non
276 2424 379 2492 tetigisse
393 2425 491 2483 virum3
513 2422 620 2490 quamvis
636 2423 705 2476 lovis
721 2423 762 2482 ille
779 2421 918 2484 sacerdos,

242 2495 357 2560 Quamvis
375 2497 493 2563 perpetui
510 2498 543 2546 sit
558 2497 616 2546 mihi
632 2497 688 2564 lege
705 2495 786 2546 datus.

203 2569 242 2619 Tu
258 2587 354 2637 quoque
369 2587 399 2620 ne
415 2586 520 2638 propera
534 2586 541 2622 ε
555 2567 640 2619 melicis
654 2582 696 2618 tua
711 2567 761 2618 filia
773 2569 875 2629 nuber,

241 2643 313 2709 ignea
331 2642 384 2694 crim
401 2643 460 2709 puri
476 2643 549 2695 Vesta
565 2642 652 2694 nitebit
668 2643 752 2692 humo.

141 2727 172 2778 23
180 2732 190 2778 5
204 2715 332 2766 TERTlA
349 2716 401 2782 post
412 2717 497 2766 Nonas
511 2731 640 2766 removere
654 2715 769 2781 Lycaona
782 2708 881 2765 Pboebe

239 2790 257 2839 F
260 2801 346 2848 ertur3
365 2791 390 2841 &
406 2806 419 2838 a
433 2801 506 2856 tergo
523 2790 658 2840 nonhabet
673 2786 734 2838 Ursa
750 2798 869 2836 metum..

203 2861 274 2913 Tunc
292 2880 339 2930 ego
354 2880 392 2914 me
408 2863 505 2914 memini
518 2861 600 2913 Ludos
615 2863 640 2912 in
655 2860 760 2928 gramine
776 2858 866 2925 Campi

239 2935 355 3006 Aspicerc
367 2953 375 2990 ι
389 2937 414 2990 &
430 2936 519 2996 didici,
538 2936 630 2989 lubrice
645 2934 733 2994 Tibri,
751 2944 824 2994 tuos,
