1975 3700
167 194 441 264 ansrrvn
468 195 577 262 Lm.
603 194 695 263 111.
732 219 808 293 207

86 317 210 384 ingravat
217 314 275 371 hoc,
284 312 349 379 quod
358 312 432 370 abest;
440 314 506 363 levat
514 314 572 372 hoc,
578 314 644 380 quod
652 316 746 381 prestat
754 334 870 379 amorem,

129 388 325 454 impositumque
340 386 385 435 sibi
399 385 465 437 firma
481 396 565 437 tuetur
580 402 653 437 onus.

86 464 149 517 Vos
165 476 264 528 quoque
279 458 415 525 perietibus
432 458 518 509 nostris
531 460 648 519 heretis,
664 463 754 524 amici,

129 534 225 585 Dicere
244 550 305 599 quos
324 532 395 598 cupio
413 534 511 582 nomine
529 550 650 600 quemque
666 535 718 586 suo.

90 608 144 659 Sed
160 608 233 657 timor
249 604 354 655 officium
369 618 453 655 cautus
467 606 618 671 compescit3
637 608 663 658 δι
674 609 740 675 ipsos
817 610 851 674 65

129 681 160 729 ln
177 679 258 730 nostro
276 678 334 745 poni
350 680 455 729 carmine
471 681 538 729 noile
553 694 624 745 puro.

88 751 160 805 Ante
177 753 319 810 volebatis,
338 753 446 819 gratique
463 765 518 803 erat
532 753 602 803 instar
617 755 737 815 honoris,

128 828 252 880 Versibus
268 827 293 875 in
306 825 390 875 nostris
407 826 505 875 nomina
520 825 597 877 resin
614 828 671 894 legi.

86 898 170 963 Quod
181 900 292 967 quoniam
303 898 336 948 esi
346 916 436 965 anceps
447 934 454 958 ‚
468 900 531 949 intra
542 916 596 949 mea
605 901 704 965 pesiora
714 917 833 969 quemque

128 974 249 1039 Alloquar
263 972 312 1037 z&
329 974 389 1021 nulii
405 972 473 1023 causa
490 972 585 1023 timoris
602 990 656 1023 ero.
815 992 851 1039 70

87 1048 147 1097 Nec
165 1062 234 1095 meus
250 1045 339 1094 indicio
356 1044 479 1095 latitantes
493 1045 577 1096 versus
593 1046 684 1096 amicos

128 1119 260 1169 Protrahet
272 1134 280 1168 t
294 1116 392 1168 occulte
408 1118 428 1168 si
444 1118 496 1184 quis
513 1119 620 1178 amavit,
637 1132 713 1172 amet.

87 1194 159 1244 Scire
175 1206 274 1251 tamen,
294 1193 401 1259 quamvis
419 1194 491 1259 longi
507 1192 609 1259 regione
625 1205 734 1243 remotus

129 1266 233 1324 Absim,
250 1281 295 1314 vos
311 1265 393 1315 animo
407 1265 502 1331 semper
515 1265 594 1315 adesse
610 1282 677 1317 meo.

86 1340 136 1398 Er,
150 1344 221 1405 quim
233 1339 333 1404 quisque
343 1338 436 1405 potest,
447 1340 526 1404 aliqui
536 1340 597 1388 maia
607 1339 685 1390 nostra
695 1341 790 1391 levate:
813 1355 847 1405 75

127 1414 146 1462 F
148 1414 211 1462 idam
228 1410 338 1479 projeiio
354 1427 417 1461 neve
431 1424 520 1479 negate
537 1428 641 1462 manum.

87 1484 209 1551 Prospera
227 1486 262 1533 sic
279 1485 347 1535 vobis
363 1498 458 1535 maneat
472 1486 580 1535 Fortuna
592 1502 600 1535 ι
612 1502 659 1535 nec
675 1502 786 1552 umquam

127 1558 242 1608 Contaiii
255 1557 329 1607 simili
346 1558 412 1607 sorte
429 1558 521 1626 rogetis
539 1574 622 1625 opem.

149 1644 798 1720 «ι--ὲ--ιὶῗῂ--τ--ψ

306 1763 560 1827 ELEGIA
608 1764 688 1826 V..

87 1859 227 1983 Usus
245 1925 356 1976 amicitie
372 1937 454 1976 tecum
471 1924 528 1974 mihi
545 1939 653 1990 parvus,
670 1935 698 1974 ut
712 1924 778 1974 iilam

126 1999 187 2047 Non
202 1999 266 2066 aegre
282 1999 360 2066 posses
377 1999 545 2056 dissimulare,
563 1997 631 2055 fuit3

88 2072 123 2121 Ni
142 2089 182 2122 me
199 2074 339 2138 complexus
354 2072 439 2123 vinciis
456 2072 609 2138 propioribus
625 2069 707 2130 esses,

126 2145 198 2194 Nave
214 2146 268 2195 mei
284 2157 360 2196 vento
376 2145 455 2194 forsan
472 2160 546 2195 eunte
563 2145 615 2193 suo.

88 2217 126 2267 Ut
144 2217 243 2276 cecidi,
262 2220 388 2284 cuniiique
404 2229 472 2268 metu
488 2218 572 2284 fugire
588 2216 685 2273 ruine,
815 2231 828 2279 5

125 2291 255 2357 Versaque
270 2293 381 2342 amicitie
397 2304 465 2360 terga
481 2291 572 2340 dedere
588 2305 670 2346 mem

87 2361 170 2414 Ausus
184 2380 211 2414 es
226 2365 282 2432 igne
299 2365 367 2418 Jovis
382 2361 516 2431 percussum
531 2375 633 2430 tangere
649 2377 758 2428 corpur,

125 2436 159 2486 Er
176 2437 308 2502 deploratae
323 2439 396 2489 limen
411 2439 477 2488 adire
494 2437 607 2488 ciomiir.⁴

88 2508 167 2575 quue
186 2527 272 2562 recens
289 2512 404 2579 praesias,
424 2529 469 2560 nec
486 2513 560 2578 longo
576 2507 690 2577 cognitus
704 2509 765 2567 usu,

128 2582 204 2646 Quod
220 2597 332 2635 veterum
347 2585 434 2635 misero
449 2585 490 2634 vix
507 2584 556 2633 duo
571 2596 653 2634 tresve
668 2583 736 2631 mihi.
814 2594 846 2630 ιο

89 2656 150 2709 Vidi
167 2672 215 2724 ego
233 2659 346 2710 confusos
362 2659 443 2708 vuitus
457 2691 465 2717 ,
480 2657 593 2724 visosque
608 2656 714 2712 notavi3

126 2727 214 2795 Osque
231 2732 329 2782 madens
345 2731 424 2790 fletu,
442 2730 601 2797 pallidiusque
617 2743 693 2778 meo:

88 2801 122 2853 Et
138 2803 257 2871 lacrymas
273 2821 374 2872 cernens
390 2804 416 2852 in
432 2805 525 2871 singula
540 2804 613 2852 verba
632 2801 767 2860 cadentes,

126 2873 181 2929 Ore
198 2895 253 2932 meo
270 2880 410 2948 lacrymer,
428 2879 524 2929 nuribus
540 2877 580 2927 iila
597 2875 667 2931 bibit.
769 2906 773 2912 ι
