1975 3700
12 295 20 342 l:

144 247 448 315 FAsroaurr
473 243 682 312 ltu-IV.
721 264 790 314 111

85 363 135 428 Qui
151 365 214 430 petis
231 365 362 422 auxilium,
382 381 431 413 non
446 362 545 432 grandia
559 361 640 413 divide
655 379 751 412 mecum

123 437 240 496 Praemia,
259 439 288 488 de
305 440 402 488 lacubus
418 438 527 503 proxima
540 436 614 485 mulla
627 438 686 487 tuis.

85 511 158 562 Nulla
169 529 236 561 mora
245 513 277 561 est
287 529 369 576 operae
379 527 387 562 t
397 510 500 560 vestrum
508 509 566 559 dare
577 543 584 567 ,
595 509 695 561 vincere
704 507 808 560 nostrum
818 504 860 556 est.
881 529 886 538 ·

123 583 202 647 Qualm
217 585 277 634 velit
291 583 382 635 AEneas
397 584 437 634 illa
453 594 540 650 negata
554 582 634 632 mibi!
712 597 719 609 ·
808 582 860 644 890

83 657 228 707 Annuerant
245 658 337 707 Rutuli.
357 658 496 708 Mezentius
512 657 590 705 induit
605 672 691 716 arma3

123 731 205 781 Induit
221 731 332 789 AEneas,
350 731 528 798 alloquiturque
544 729 641 780 Jovern.

12 859 15 874 ,
85 803 185 854 Hostica
202 805 333 872 Tyrrheno
350 817 408 854 vota
422 801 455 852 est
471 803 597 872 vindemia·
606 803 688 871 Regi,

123 875 236 943 luppiter
248 895 255 926 r
269 895 283 926 e
298 877 368 926 Latio
383 877 481 942 palmite
497 875 569 925 musta
584 875 655 927 teras.

12 1007 14 1020 .
84 949 153 1002 Vota
171 951 253 1000 valent
267 951 367 1000 meliora
382 965 389 1000 t
405 949 468 999 cadit
484 949 624 1000 Mezentius
638 951 743 1016 ingens,
810 946 860 1012 895

124 1024 206 1092 Atque
222 1025 354 1092 indignanti
371 1023 470 1090 pedore
485 1023 578 1089 plangit
592 1023 700 1073 humum.

85 1095 197 1156 Venerat
214 1097 369 1154 Autumnus,
389 1096 488 1146 calcatis
499 1096 613 1158 ,sordidus
628 1097 705 1154 uvis3

123 1169 267 1220 Redduntur
281 1172 369 1220 merito
384 1170 465 1219 debita
480 1169 535 1218 vina
550 1168 616 1220 lori.

86 1241 158 1293 Diua
175 1244 225 1294 (lies
241 1244 297 1294 hinc
313 1243 346 1294 est
360 1244 455 1294 Vinalia
470 1259 477 1292 t
491 1243 604 1307 Juppiter
618 1243 683 1293 illam

123 1317 259 1376 Vindicat,
277 1319 303 1368 dt
320 1317 382 1368 festis
399 1317 488 1384 gaudet
504 1315 576 1365 ineffe
592 1316 649 1366 suis.
811 1326 865 1378 900

86 1389 160 1439 SEX
179 1390 218 1441 ubi
228 1403 242 1448 ,¹
251 1407 304 1458 quae
319 1390 426 1448 restant,
443 1391 510 1440 luces
523 1389 614 1455 Aprilis
629 1388 728 1440 babebit
740 1403 750 1446 3

124 1463 152 1512 ln
168 1465 250 1514 medio
266 1463 336 1513 cursu
351 1477 461 1529 tempora
475 1463 541 1512 veris
556 1474 637 1512 erunt.

86 1535 118 1586 Et
134 1536 218 1586 frustra
233 1538 352 1602 pecudem
367 1553 461 1602 quaeres
478 1535 663 1585 Athamantidos
678 1534 787 1591 Helles;

125 1609 245 1676 Signaque
262 1609 321 1658 dant
337 1610 444 1667 imbres,
462 1611 619 1674 exoriturque
636 1607 719 1656 Canis.

87 1681 142 1730 Hac
158 1683 215 1730 mihi
233 1684 357 1731 Nomento
371 1682 474 1731 Romam
492 1681 547 1730 crim
561 1683 616 1730 luce
632 1681 757 1739 redirem,
812 1692 864 1742 905

127 1754 228 1805 Obstitit
242 1756 267 1803 in
284 1755 361 1804 media
377 1755 476 1803 candida
493 1770 581 1820 pompa
598 1754 645 1802 via.

87 1829 186 1879 Flamen
203 1829 227 1878 in
243 1829 347 1894 antiquae
363 1829 444 1878 lucum
462 1827 589 1897 Robiginis
605 1827 674 1887 ibat,

124 1903 188 1951 Exta
206 1904 271 1951 canis
287 1903 407 1962 flammis,
430 1913 485 1953 exta
503 1898 602 1951 daturus
619 1902 683 1952 ovis.

87 1974 202 2026 Protinus
220 1977 330 2035 accessi,
350 1977 410 2026 ritds
429 1992 459 2025 ne
476 1976 570 2042 celcius
588 1974 668 2026 eliens.

124 2049 206 2098 Edidit
222 2052 273 2099 haec
291 2051 389 2101 Flamen
404 2050 501 2108 verba,
520 2049 644 2113 Quirine,
662 2061 730 2099 tuus·
813 2059 867 2110 910

89 2122 177 2189 Aspera
193 2123 310 2191 Robigo,
327 2140 409 2189 parcas
429 2123 571 2172 Cerealibus
586 2123 688 2179 berbisc

125 2197 156 2246 Et
171 2210 258 2247 tremat
276 2198 300 2245 in
317 2198 405 2247 summa
419 2198 480 2244 laeve
497 2211 614 2244 cacumen
630 2197 714 2244 humo.

88 2268 127 2319 Tu
144 2269 193 2329 sata
210 2270 329 2319 sideribus
346 2269 403 2319 coeli
419 2268 510 2317 nutrita
527 2267 636 2317 secundis

126 2342 264 2400 Crescere,
285 2342 339 2391 dum
354 2342 412 2391 fiant
430 2342 532 2391 falcibus
548 2354 622 2407 apra,
641 2340 713 2391 sinas.

88 2416 134 2467 Vis
146 2429 187 2463 tua
200 2432 248 2464 non
260 2416 320 2465 levis
332 2416 364 2464 est
376 2432 383 2465 :
397 2432 449 2480 quae
460 2428 488 2465 tu
501 2415 621 2464 frumenta
632 2410 738 2472 notasti,
812 2426 864 2476 915

126 2487 224 2537 Maestus
241 2489 265 2537 in
283 2489 374 2539 amissis
390 2488 428 2537 illa
447 2491 549 2539 colonus
564 2488 648 2538 habet.

87 2563 143 2613 Nec
162 2562 228 2611 venti
243 2561 336 2611 tantrim
354 2560 440 2611 Cereri
456 2578 566 2611 nocuere
580 2578 629 2610 nec
641 2562 751 2617 imbres,

126 2636 181 2683 Nec
200 2634 233 2683 sic
251 2650 387 2683 marmoreo
403 2635 479 2699 pallet
494 2634 573 2683 adolla
591 2637 670 2702 gelut
728 2677 730 2680 .

92 2704 239 2771 Quanttim,
260 2707 279 2755 si
297 2710 389 2757 culmos
404 2707 478 2755 Titan
494 2707 614 2758 incalfacit
627 2708 700 2758 udos.

128 2781 194 2830 Tum
209 2782 279 2829 locus
296 2780 328 2831 est
343 2782 403 2838 irae,
421 2780 485 2829 Diva
502 2781 630 2838 timenda,
647 2794 705 2830 tuae.
815 2791 869 2841 920

91 2853 187 2912 Parce,
204 2870 312 2919 precor,
328 2854 467 2919 scabrasque
483 2872 567 2904 manus
581 2871 593 2903 a
608 2854 726 2903 messibus
741 2850 832 2909 aufer,

128 2928 201 2980 Neue
217 2944 281 2979 noce
296 2929 388 2981 cultis:
401 2927 466 2995 polle
484 2944 577 2979 nocere
593 2927 629 2977 sat
642 2925 687 2979 etl.
