1975 3700
211 303 262 377 70
313 281 354 349 P.
384 282 836 377 OrrnrroNAsonrs

210 403 318 469 Quoque
333 401 407 452 modo
421 402 500 468 possit
513 401 626 460 fulmen,
644 402 793 464 monstrate,
809 406 885 472 piari.

248 477 287 526 sic
304 475 380 526 N'uma
393 491 399 526 :
412 476 447 525 sic
464 475 573 542 quatiens
588 491 678 525 cornua
693 477 788 528 Faunus
803 482 846 529 ait.

208 549 299 616 Magna
316 549 397 615 petis,
418 565 463 598 nec
478 565 532 614 quae
546 549 640 598 monitu
654 549 698 599 tibi
713 550 804 601 discere
821 552 908 606 nostro

246 623 291 673 Fas
305 623 336 672 sit
348 638 355 674 :
366 623 455 672 habent
471 620 532 670 fines
548 622 645 671 numina
659 622 737 672 nostra
753 624 817 674 suos.

147 711 197 764 315
211 694 245 746 Di
257 689 339 745 ¹sumus
355 695 477 763 agrestes,
497 695 523 744 &
537 695 578 760 qui
593 694 742 746 dominemur
755 698 779 746 in
793 699 849 748 altis

245 769 372 818 Montibus
385 786 391 819 :
404 768 526 818 arbitrium
544 767 577 818 esl
592 768 615 817 in
631 768 671 818 sua
686 771 736 818 tela
753 768 820 820 lovi.

208 841 281 893 Hunc
296 856 322 892 tu
336 859 385 891 non
401 843 492 908 poteris
507 859 551 908 per
566 853 591 890 te
608 841 729 892 deducere
745 845 831 902 coelo;

244 915 278 966 At
293 915 385 981 poteris
402 915 480 965 nostri
496 912 598 965 forsitan
614 915 669 964 usus
686 932 743 980 ope.
801 925 811 936 “

211 987 315 1039 Dixerat
328 990 380 1038 haec
395 989 489 1039 Faunus
502 1005 510 1038 t
523 1005 566 1053 par
582 987 614 1036 eli
631 987 750 1037 sententia
765 986 827 1041 Pici.

145 1077 198 1128 320
246 1062 326 1114 Deme
342 1075 423 1111 tamen
439 1062 509 1110 nobis
524 1062 639 1118 vincula,
660 1060 732 1111 Picus
747 1062 790 1112 ait.

130 1137 138 1154 ’
205 1133 317 1199 luppiter
331 1136 378 1184 huc
392 1135 494 1192 veniet,
512 1134 591 1183 valida
605 1133 720 1185 deduslus
734 1136 764 1183 ab
779 1147 833 1185 arte
845 1153 855 1196 ς

243 1209 330 1259 Nubila
348 1207 460 1274 promissi
475 1207 537 1273 Styx
552 1207 610 1268 mihi
623 1207 689 1256 tellis
705 1208 762 1260 erit.

204 1279 291 1330 Emissi
305 1281 362 1347 qnid
378 1293 449 1347 agant
463 1280 573 1346 laqueis,
591 1297 644 1346 quae
659 1281 763 1330 carmina
779 1281 883 1344 dicant,

242 1353 346 1419 Quique
362 1355 457 1403 trahant
472 1353 562 1418 superis
579 1353 673 1403 sedibus
689 1367 741 1403 arte
758 1353 872 1415 Jovem;

142 1439 192 1492 325
207 1425 275 1476 Scire
291 1426 359 1477 nefas
374 1427 464 1476 homini
475 1443 482 1476 ι
495 1428 565 1476 nobis
581 1425 690 1476 concessa
704 1440 843 1488 canantur,

242 1497 351 1566 Quaeque
368 1499 409 1565 pio
425 1500 472 1549 dici
487 1501 548 1550 vatis
565 1501 594 1549 ab
610 1517 653 1549 ore
667 1500 735 1549 licet.

118 1583 122 1588 “
203 1571 309 1622 Eliciunt
326 1574 388 1621 coelo
403 1585 447 1634 te,
463 1571 576 1638 luppiter
588 1589 595 1622 ι
608 1573 672 1622 unde
685 1574 790 1623 minores

238 1647 309 1696 Nunc
326 1663 422 1712 quoque
437 1659 462 1696 te
478 1647 621 1703 celebrant,
640 1647 789 1712 Eliciumque
804 1660 912 1710 voqant.

202 1715 304 1769 Conslat
317 1719 445 1770 Aventinae
462 1719 583 1770 tremuisse
600 1720 724 1769 cacumina
738 1721 826 1779 silvae3

142 1806 193 1859 330
240 1791 364 1859 Terraque
382 1793 484 1842 subsedit
500 1793 609 1859 pondere
625 1792 699 1859 pressa
715 1793 793 1844 lovis.

203 1864 286 1915 Corda
300 1864 388 1915 micant
403 1866 485 1934 regis:
500 1880 603 1932 totoque
618 1884 632 1916 e
649 1866 747 1932 pesiore
764 1868 861 1935 sanguis

237 1938 327 2007 Fugit5
348 1939 373 1989 δι
388 1938 483 1989 ltirsutae
500 1940 620 2007 diriguere
636 1957 722 1991 comae.

199 2012 236 2063 Ut
250 2012 323 2061 rediit
338 2013 429 2062 animus
442 2047 449 2070 ,
467 2013 506 2062 Da
523 2026 589 2063 certa
603 2014 724 2078 piamina,
742 2013 822 2072 dixit,

236 2084 367 2145 Fulminis,
383 2088 485 2137 altorum
501 2084 604 2152 Rexque
618 2085 739 2153 Paterque
755 2087 849 2139 Deitm.

138 2172 188 2224 335
202 2158 227 2208 Si
244 2172 285 2208 tua
300 2160 444 2235 contigimus
460 2160 566 2209 manibus
583 2160 680 2209 donaria
695 2160 761 2226 puris
774 2177 783 2218 3

235 2232 292 2281 Hoc
307 2250 424 2299 quoque,
441 2234 506 2299 quod
520 2234 632 2298 petitur,
646 2234 666 2283 si
681 2234 718 2300 pia
734 2233 815 2301 lingua
827 2247 920 2303 rogat.

200 2304 292 2355 Annuit
308 2308 385 2356 oranti
398 2324 406 2364 3
427 2306 466 2355 sed
481 2314 567 2355 ve'rum
582 2308 681 2375 ambage
696 2308 791 2356 remoti

234 2378 350 2438 Abdidit,
370 2379 396 2429 δι
414 2379 485 2429 dnbio
500 2380 587 2430 terruit
602 2397 645 2430 ore
663 2381 747 2430 virum.

203 2450 277 2501 Caede
293 2465 384 2518 caput,
402 2451 469 2501 dixit.
483 2452 530 2501 Cui
543 2470 606 2511 rex,
627 2452 782 2512 Parebimus,
801 2450 910 2519 inquit;

136 2540 188 2595 340
236 2524 358 2575 Caedenda
376 2524 409 2575 est
424 2526 502 2575 hortis
519 2540 587 2575 eruta
605 2543 664 2592 cepa
681 2527 751 2575 meis·

169 2611 172 2615 “
195 2598 294 2649 Addidit
304 2600 362 2658 hic,
376 2598 484 2649 Hominis
498 2615 505 2649 ε
517 2599 644 2657 Summos,
656 2599 688 2649 ait
699 2601 760 2658 ille,
778 2598 897 2664 capillos.

234 2670 338 2722 Postulat
353 2672 392 2721 hic
408 2674 529 2722 animam:
543 2674 580 2721 cui
591 2674 689 2732 Numa,
706 2672 798 2730 Piscis,
815 2672 860 2721 ait.

194 2744 278 2803 Risit,
292 2746 335 2804 δι,
355 2746 418 2803 His,
435 2746 531 2811 inquit,
547 2745 621 2796 sacito
634 2763 687 2795 mea
703 2747 751 2795 tela
768 2761 917 2810 procures,

232 2819 258 2869 O
271 2818 276 2868 l
290 2819 345 2878 vir,
363 2819 488 2884 colloquio
505 2834 554 2866 non
570 2818 688 2885 abigende
705 2835 771 2868 meo.

134 2906 167 2961 34
171 2906 183 2957 5
197 2891 245 2942 Sed
259 2892 301 2941 tibi
313 2927 320 2951 ,
332 2892 469 2958 ¹protulerit
483 2888 537 2942 edm
553 2904 631 2941 totum
647 2892 760 2942 craslinus
777 2890 866 2941 orben

231 2964 370 3032 Cynthius,
389 2966 483 3035 imperii
498 2966 599 3033 pignora
614 2978 682 3025 certa
697 2964 772 3018 dabo.
