1975 3700
206 250 279 347 378
327 250 370 318 P.
392 251 586 323 orum
611 250 845 324 Nasonrs

203 370 351 437 Sollertique
362 372 437 430 viro,
453 374 543 422 larerae
557 389 628 439 quem
644 371 717 420 fratta
732 385 866 425 tenentem

240 444 351 495 Membra
364 446 423 496 ratis
438 445 546 496 Semeles
563 445 597 494 est
610 445 720 494 miserata
735 446 814 498 soror.

201 518 253 574 Vel
267 531 328 577 tua,
344 535 376 568 ne
389 535 468 585 poenae
482 535 559 585 genus
573 520 621 568 hoc
635 521 780 586 cognoverit
795 537 862 572 unus
876 532 894 581 ,¹

145 589 197 642 280
243 591 345 642 Viscera
361 592 462 642 dirersis
477 592 667 642 scinderentur
682 593 761 658 equis.

201 664 254 720 Vel
269 681 341 732 que,
359 665 400 732 qui
414 665 500 715 redimi
514 665 624 714 Romano
638 677 710 729 turpe
724 667 842 730 putarit,

240 738 263 789 Α
280 738 343 787 dure
359 737 468 788 Puniceo
484 738 604 804 pertulit,
626 737 675 803 ipse
691 737 765 787 ieras.

202 810 258 862 Nec
272 812 318 861 tihi
333 810 437 861 subsidio
454 813 488 861 rit
504 811 608 876 praesens
625 826 713 859 numen
728 827 736 861 ε
752 823 781 861 ut
795 810 852 872 illi,

239 883 287 933 Cui
302 885 361 933 nihri
374 883 466 934 Hercei
479 885 573 949 profuit
586 899 626 933 ara
643 883 722 934 ioris.

145 958 192 1020 285
204 958 290 1024 thue
304 957 370 1008 dedit
386 957 459 1007 saltur
474 973 489 1007 e
507 957 598 1007 summo
611 955 738 1006 Thefl'alus
755 956 841 1016 Ossit

236 1029 277 1080 Tu
293 1047 392 1097 quoque
408 1029 491 1080 saxoso
508 1029 662 1096 praedpitere
679 1028 748 1097 jugo.

200 1101 254 1154 Aut
266 1105 335 1154 reiut
349 1103 468 1170 Euryali,
485 1103 526 1170 qui
543 1103 663 1169 sceptrum
679 1103 746 1169 repit
760 1103 791 1152 ah
805 1101 873 1164 itlo,

237 1176 290 1226 Sint
304 1189 371 1227 artur
385 1177 460 1227 aridis
476 1177 595 1244 anguibus
612 1175 665 1225 esca
678 1176 726 1228 tui.

200 1249 250 1299 Vel
265 1261 308 1298 tua
321 1261 428 1300 maturet
441 1282 449 1309 ‚
465 1249 530 1299 sicut
545 1248 641 1299 Minoia
655 1247 723 1307 iata,

140 1334 191 1385 ²90
237 1321 285 1373 Per
298 1334 371 1388 caput
383 1322 466 1372 infuse
480 1322 589 1372 fervidus
603 1322 690 1372 humor
705 1337 795 1386 aque:

198 1395 283 1461 thue
293 1412 377 1460 pamm
387 1395 458 1454 miti,
474 1395 576 1445 sednon
587 1395 704 1460 impune,
723 1393 890 1445 Prometheus
905 1429 914 1455 ,

235 1469 321 1519 A'e'riar
337 1470 451 1519 volucres
467 1469 582 1536 sanguine
596 1466 658 1517 fixus
675 1469 734 1518 atas.

199 1539 238 1591 Ac
248 1576 255 1600 ‚
271 1543 340 1591 reiut
350 1541 477 1591 Etracides
486 1557 574 1609 magno
583 1553 623 1592 ter
632 1541 662 1590 ab
672 1540 781 1590 Hercule
793 1540 894 1608 quintus
904 1574 914 1602 ,

235 1615 316 1665 Caesus
333 1615 358 1664 in
373 1614 513 1665 immensum
527 1613 657 1680 projiciare
673 1614 772 1664 fretum.

137 1698 187 1748 295
200 1686 269 1745 hut,
283 1701 311 1738 ut
324 1687 507 1756 Amyntiaden,
522 1688 588 1753 turpi
603 1687 703 1738 dileiius
717 1703 801 1737 amore

235 1760 344 1819 Oderit,
363 1761 391 1811 dt
406 1761 470 1811 saro
482 1762 598 1811 vulneret
614 1759 670 1810 ense
685 1777 757 1827 puer.

197 1833 253 1885 Nee
268 1834 311 1885 tibi
328 1832 376 1884 fida
391 1834 466 1903 magis
480 1835 575 1885 misceri
591 1835 680 1899 pocula
696 1833 812 1900 possint,

234 1906 315 1971 Quam
331 1908 372 1974 qui
391 1908 521 1975 cornigero
537 1908 569 1958 de
586 1906 650 1959 iore
664 1918 735 1957 natus
753 1919 818 1957 erat.

197 1978 272 2030 More
288 1981 329 2031 rei
342 1981 447 2031 intereas
463 1981 530 2047 eapti
545 1980 668 2046 suspensus
683 1978 786 2038 Achaei,

136 2064 189 2115 300
236 2052 287 2116 Qui
302 2053 373 2103 miser
388 2053 492 2104 auriferi
507 2052 568 2103 teste
584 2052 700 2120 pependit
715 2052 786 2119 aquai.

196 2125 248 2176 Aut
263 2138 290 2177 ut
304 2126 430 2177 Achillidae
445 2139 551 2195 cognato
566 2128 664 2175 nomine
681 2126 773 2176 clarum

235 2198 364 2267 Opprimat
375 2199 454 2249 hostili
467 2202 550 2267 tegula
566 2198 626 2265 jada
642 2215 722 2249 manu.

95 2291 98 2298 ¹
197 2270 252 2322 Nec
268 2285 310 2323 tua
326 2276 396 2341 quim
410 2272 516 2341 Pyrrhi,
535 2271 628 2323 [edicitis
646 2271 693 2322 otta
708 2270 853 2339 quiescantt

234 2347 317 2412 Sparsa
332 2363 378 2413 prr
390 2348 529 2397 Ambracias
547 2364 600 2413 qnae
617 2344 715 2411 jacuere
733 2346 793 2394 rias.

137 2432 188 2482 305
200 2420 312 2486 Nataque
330 2432 358 2470 ut
371 2417 499 2479 AEacidae,
517 2419 602 2486 jaculis
618 2419 727 2469 moriaris
743 2418 852 2468 adaiiis:

182 2508 189 2515 ·
234 2494 291 2542 Non
308 2493 367 2543 litet
383 2496 431 2543 hoc
447 2492 535 2543 Cereri
552 2492 702 2542 dissimulare
719 2492 795 2540 nefas.

198 2566 282 2631 thue
297 2582 375 2632 nepos
391 2565 449 2616 diiii
464 2564 545 2616 nostro
559 2562 632 2615 modd
650 2564 754 2615 carmine
769 2564 834 2630 regis

235 2638 409 2690 Cantharidum
425 2638 529 2698 succos,
550 2640 622 2688 dante
637 2650 757 2705 parente,
777 2636 857 2688 bibas.

197 2713 248 2764 Ant
263 2710 321 2779 pia,
339 2724 364 2763 te
381 2712 463 2771 carso,
479 2712 574 2769 dicatur
587 2712 696 2761 adultera
711 2709 815 2766 taient,

137 2800 187 2851 3¹0
236 2785 292 2850 Qui
308 2785 398 2836 cecidit
409 2785 510 2836 Leucon
525 2784 642 2843 vindice,
659 2784 718 2833 dicta
733 2782 773 2849 pia
789 2782 833 2833 est.

197 2859 274 2925 inque
288 2876 372 2927 pyram
386 2872 467 2909 terum
481 2858 602 2909 carissima
615 2857 716 2927 pignora
731 2855 833 2915 mittast

233 2931 313 2998 Quam
329 2930 401 2984 finem
414 2933 471 2985 vite
487 2931 661 2999 sardanapalus
677 2931 759 2982 hahet.
