1975 3700
57 177 63 204 1

143 241 566 312 ansrrurrlia.
595 242 653 312 II.
706 264 774 335 191

67 364 182 432 Corpora
199 361 310 415 Vestales
327 361 392 412 oculi
408 360 543 410 meretricia
558 377 682 424 cernunt:

103 439 159 488 Nec
178 435 277 485 domino
292 451 372 501 poenae
388 451 426 484 res
444 451 473 484 ea
491 434 560 485 causa
576 434 632 487 fuit.

66 511 101 564 At
115 527 160 560 cur
175 509 199 560 in
217 507 296 558 nostri
312 507 383 559 nimia
400 505 433 558 est
449 507 544 558 lascivia
556 506 652 559 Muri?

103 583 187 633 Curve
206 572 274 632 meus
290 582 400 648 cuiquam
417 581 500 631 suadet
516 598 596 633 amare
612 579 697 632 libet?

66 658 108 708 Nil
118 657 166 706 nisi
177 668 305 722 peccatum
313 688 320 713 ,
328 653 496 720 manifestaque
508 656 579 721 culpa
587 689 595 716 ,
602 656 726 707 fatendum
736 657 779 710 ell:
789 673 835 724 315

103 729 212 779 Paenitet
229 728 320 796 ingenii
337 726 468 794 judiciique
487 729 544 778 mei.

67 803 120 854 Cur
135 819 205 861 non,
219 801 340 869 Argolicis
354 799 434 868 potius
450 818 504 867 quae
521 800 626 852 concidit
640 803 732 864 armis,

103 877 203 926 Vexata
219 873 252 924 est
268 875 356 924 iterum
371 874 495 933 carmine,
511 870 608 940 Troia,
626 876 705 927 meo?

66 948 121 1000 Cur
136 947 203 1002 tacui
220 948 338 1008 Thebas,
361 947 387 1001 δι
403 959 485 998 mutua
500 947 601 998 vulnera
617 949 742 1001 fratrum?

103 1021 136 1072 Et
152 1021 245 1088 septem
262 1034 362 1088 portas,
381 1019 421 1072 sub
436 1021 498 1072 duce
513 1037 630 1090 quamque
645 1022 708 1074 suo?
788 1037 838 1089 32c

64 1097 121 1147 Nec
136 1095 195 1146 mihi
208 1093 331 1146 materiam
344 1093 456 1144 bellatrix
471 1091 550 1146 Roma
565 1097 669 1163 negabat
680 1114 690 1154 3
701 1132 719 1146 ,

103 1169 136 1219 Et
152 1170 207 1235 pius
224 1168 275 1228 est,
293 1168 376 1234 patriae
391 1168 452 1219 fana
468 1167 582 1229 referre,
599 1170 677 1221 labor.

64 1241 183 1310 Denique
193 1273 208 1301 „
223 1239 276 1292 edm
292 1242 384 1292 meritis
399 1241 539 1308 impleveris
555 1243 654 1302 omnia,
671 1241 766 1304 Cesar,

103 1315 163 1366 Pars
180 1315 238 1366 mihi
255 1315 285 1367 de
299 1315 379 1366 multis
394 1333 441 1366 uua
460 1315 566 1366 canenda
580 1317 635 1366 fuit.
770 1310 772 1314 ’

63 1389 151 1456 thue
166 1389 266 1440 trahunt
283 1389 368 1440 oculos
384 1389 498 1439 radiantia
514 1389 602 1440 lumina
618 1391 701 1450 Solis,
788 1404 821 1457 32
827 1409 837 1453 5

101 1459 240 1532 Traxissent
254 1461 358 1513 animum
373 1463 408 1514 sic
425 1477 466 1512 tua
482 1461 543 1513 fadla
557 1481 645 1514 meum.

63 1536 167 1604 Arguor
182 1533 301 1587 immeritd
318 1551 326 1586 a
344 1536 423 1586 tenuis
440 1535 497 1586 mihi
512 1552 609 1602 campus
625 1549 705 1588 aratur
715 1551 739 1589 a·

102 1609 168 1659 lllud
186 1621 238 1658 erat
254 1625 346 1677 magnae
364 1607 497 1660 fertilitatis
512 1626 582 1676 opus.

62 1683 126 1734 Non
140 1681 199 1732 ideo
214 1683 287 1733 debet
298 1684 386 1750 pelago
404 1681 427 1732 se
444 1681 566 1741 credere,
586 1679 607 1734 si
623 1698 670 1749 qua

102 1756 188 1806 Audet
203 1755 227 1804 in
244 1756 333 1824 exiguo
347 1755 432 1806 ludere
450 1756 535 1822 cymba
551 1756 615 1805 lacu.
789 1768 802 1820 3
808 1770 841 1821 30

62 1829 183 1882 Forsitan
200 1829 225 1880 dr
241 1829 367 1889 dubitem,
385 1828 490 1880 numeris
507 1827 638 1880 levioribus
654 1840 724 1895 aptus

103 1902 155 1953 Sim
170 1902 245 1961 satis,
265 1903 290 1953 in
307 1921 394 1971 parvos
410 1900 569 1969 sufficiamque
584 1903 678 1953 modos.

62 1977 101 2029 At
119 1978 141 2027 si
159 1992 198 2025 me
214 1976 298 2043 jubeas
314 1976 419 2028 domitos
436 1974 506 2029 Jovis
519 1977 575 2044 igne
594 1974 712 2045 Gigantas

103 2050 219 2108 Dicere;
238 2062 366 2101 conantem
382 2050 519 2101 debilitabit
534 2067 604 2099 onus.
808 2094 810 2097 Α

63 2123 162 2176 Divitis
179 2122 269 2191 ingenii
285 2122 318 2173 est
334 2122 444 2176 immania
458 2122 558 2174 Caesaris
574 2122 626 2172 aila
790 2136 838 2187 335

105 2194 243 2255 Condere,
262 2196 363 2248 materii
380 2214 411 2247 ue
428 2188 554 2262 superetur
569 2212 642 2263 opus.

65 2270 101 2321 Et
118 2282 201 2321 tamen
216 2268 369 2321 ausus‘eram
381 2286 389 2320 a
401 2268 442 2319 sed
457 2268 592 2319 detrediare
606 2268 726 2329 videbar,

107 2343 232 2409 Quodque
249 2343 336 2402 nefas,
355 2342 442 2395 damno
458 2342 550 2393 viribus
567 2340 614 2393 effe
630 2343 687 2393 tuis.

64 2417 108 2471 Ad
125 2418 182 2470 leve
199 2416 280 2469 rursus
294 2432 373 2483 opus,
391 2414 508 2483 juvenilia
521 2416 642 2475 earmina,
659 2415 734 2475 νεώς

105 2490 140 2540 Et
157 2489 216 2539 lalso
233 2490 298 2541 movi
315 2490 397 2557 pedus
412 2507 494 2541 amore
508 2506 598 2543 meum.
792 2502 842 2554 340

65 2566 127 2617 Non
143 2564 256 2631 equidem
272 2564 360 2614 vellem
376 2579 383 2614 :
397 2562 438 2613 sed
453 2579 491 2612 me
507 2580 560 2614 mea
576 2564 625 2615 fata
638 2562 783 2622 trahebant,

105 2638 184 2704 lnque
200 2654 266 2689 meas
282 2654 365 2703 poenas
384 2636 521 2705 ingeniosus
537 2653 610 2689 eram.

66 2710 118 2761 Hei
132 2710 190 2761 mihi
203 2710 289 2777 !-quod
302 2710 373 2761 didici
388 2728 395 2762 ι
411 2710 476 2777 quod
487 2726 526 2759 me
539 2710 645 2761 docuere
656 2722 770 2779 parentes
783 2744 790 2767 ,

107 2784 239 2851 Literaque
257 2784 290 2835 est
306 2787 392 2835 oculos
408 2785 565 2833 ullamorata
580 2802 658 2835 meos.

66 2857 129 2909 Haec
147 2858 191 2907 tibi
207 2874 246 2908 me
261 2857 361 2909 invisum
376 2856 471 2909 lascivia
487 2856 562 2917 facit,
580 2860 612 2908 ob
627 2859 719 2917 Artes,
796 2871 845 2923 345

108 2930 177 2999 Quas
195 2944 265 3006 tatus!
279 2947 305 2983 es
322 2932 413 3007 uetitos
430 2930 552 2985 solicitaffe
569 2945 648 2986 totos.
