1975 3700
175 218 177 223 ’
230 227 287 318 96
332 225 375 296 P.
404 226 599 297 Orrnrr
628 189 869 296 Nasam

230 345 318 394 Nasica
329 345 424 411 accepit
437 347 541 414 :templi
550 357 611 396 tune
621 345 710 395 exstitit
719 344 803 395 autlor
813 361 824 403 3
854 368 858 372 “

267 416 386 485 Augustus
398 435 461 467 nunc
478 419 513 468 est
523 435 531 470 t
546 433 604 469 ante
616 419 735 470 Metellus
746 419 815 468 erat.'

231 488 338 541 Substitit
352 492 391 542 hic
404 492 496 542 Erato:
515 509 583 542 mora
599 492 647 551 lit,
664 493 685 542 si
702 504 788 542 cetera*
803 509 926 558 quaeram.

169 580 220 630 350
268 565 334 620 Dic,
355 566 468 631 inquam,
486 567 560 632 parvi
577 583 629 616 cur
639 565 697 631 stipe
713 577 806 632 querat
825 567 916 631 opes?

232 635 344 687 Contulit
354 655 386 687 aes
397 641 518 704 populun
531 639 561 688 de
572 655 620 706 quo
632 639 730 688 delubra
742 638 869 689 Metellus

265 711 349 769 Fecit,
364 713 397 762 ait
408 727 416 761 e
430 712 513 763 dandae
523 730 576 763 mos
586 713 650 778 llipis
661 712 718 762 inde
729 725 820 760 manet.

228 782 279 833 Cur
290 784 382 834 vicibus
393 785 460 835 fallis
470 785 554 837 ineant
565 787 676 835 convivia
685 819 694 844 ,
704 801 806 852 quaero,

263 857 327 907 Tum
338 859 412 926 magis
425 891 431 916 ,
447 859 546 910 indiftas
560 860 781 924 concelebrentque
793 858 885 923 dapes.

168 946 197 998 35
204 946 216 995 5
231 929 306 995 Quod
317 934 380 982 bene
392 917 489 982 mutiiit
499 931 578 982 sedem
589 932 766 999 Berecynthia,
778 931 842 981 dixit
853 949 865 990 3

264 1004 369 1070 Captant
381 1040 388 1064 ,
409 1006 506 1056 mutatis
518 1006 631 1063 sedibus,
649 1021 722 1054 omen
733 1005 806 1053 idem.

227 1077 358 1129 institeram
370 1112 378 1137 ,
399 1095 472 1146 quare
484 1079 554 1144 primi
566 1079 699 1145 Megalesia
711 1077 761 1128 ludi

263 1151 331 1202 Urbe
351 1153 432 1202 forent
450 1151 529 1202 nostri
540 1159 554 1209 ς’
570 1151 623 1202 edm
637 1151 693 1201 Dea
714 1148 810 1215 (sensit
831 1154 944 1218 enim3)

227 1225 373 1284 illaDeos,
390 1226 484 1293 inquit,
503 1227 620 1292 pepen't:
637 1223 727 1274 ceffere
743 1226 841 1289 parenti
855 1243 866 1282 ;
898 1268 901 1273 .

165 1297 216 1364 360
264 1297 457 1365 Principiumque
474 1299 523 1349 dati
541 1299 625 1349 Mater
640 1298 739 1348 honoris
754 1297 841 1346 babet.

227 1370 277 1423 Cur
292 1372 363 1440 igitur
380 1372 484 1430 Gallos,
506 1373 545 1439 qui
560 1373 583 1421 se
599 1372 731 1430 excidere,
747 1369 896 1421 vocamus?

262 1444 324 1494 Cum
340 1444 408 1496 tantd
424 1445 528 1514 Phrygii
545 1444 641 1494 Gallica
656 1443 725 1494 distet
737 1445 834 1494 humus.

224 1518 292 1570 Inter
302 1519 371 1578 ‚·ait,
390 1519 491 1568 viridem
511 1519 624 1586 Cybelen
643 1517 749 1584 altasque
768 1516 910 1576 Celaenas,

261 1592 344 1642 Amnis
363 1593 381 1642 it
402 1592 501 1650 inland,
521 1593 617 1642 nomine
630 1589 737 1650 Gallus,
756 1590 827 1655 aqu-i·

160 1666 210 1732 365
224 1664 274 1730 Qui
285 1666 346 1716 bibit
356 1667 426 1724 inde,
439 1665 494 1714 iurit
506 1681 514 1715 τ
525 1666 611 1733 procul
620 1665 677 1714 hinc
687 1663 802 1714 discedite
814 1697 822 1721 ,
836 1664 896 1730 quis
909 1663 942 1715 est

261 1739 324 1790 Cura
337 1741 406 1790 bonae
415 1739 527 1790 mentis:
544 1739 583 1806 qui
597 1739 657 1787 bibit
668 1737 743 1797 inde,
758 1737 826 1786 furit,

222 1813 372 1880 NOsstpudet
387 1808 534 1869 herbosum,
553 1812 621 1871 dixi,
639 1809 741 1878 posuifl'e
757 1823 887 1861 moretum

259 1888 287 1936 ln
306 1888 418 1937 Dominae
434 1885 546 1936 mensis?
563 1889 593 1935 an
613 1886 653 1935 foa
671 1884 741 1935 causa
754 1883 856 1933 subest?

222 1959 293 2011 Lat'le
305 1976 372 2009 mero
383 1971 480 2011 veteres
491 1961 529 2009 usi
540 1959 704 2010 memorantur
715 1991 723 2016 ,
742 1956 865 2009 &herbis
875 1992 885 2017 ,

161 2046 212 2099 370
260 2034 353 2100 Sponte
365 2033 405 2083 sut
416 2034 436 2082 si
448 2050 506 2101 quas
516 2046 581 2083 terra
592 2034 704 2091 ferebat,
718 2032 762 2081 ait.

224 2106 347 2157 Candidus
359 2106 421 2157 elisae
432 2108 546 2158 miscetur
556 2106 639 2157 caseus
650 2107 750 2164 herbe,

257 2180 394 2249 Cognoscat
407 2181 497 2247 priscos
508 2194 536 2230 ut
545 2181 606 2230 Dea
616 2179 692 2245 prisca
704 2178 781 2228 cibos,

222 2251 411 2305 POSTERA
428 2252 481 2303 etim
499 2255 564 2303 coelo
576 2255 649 2303 motis
662 2252 790 2303 Pallantias
805 2249 877 2303 astris

257 2329 377 2386 Fulferit,
395 2328 420 2379 δε
433 2328 518 2377 niveos
533 2328 600 2377 Luna
614 2326 702 2376 levitic
716 2340 793 2393 equos
806 2342 816 2383 3

161 2419 210 2470 375
224 2400 275 2465 Qui
288 2401 370 2459 dio'et,
385 2400 514 2464 Quondam
527 2400 618 2450 lactata
628 2398 664 2448 eil
674 2401 738 2449 colle
748 2398 848 2463 Quirini
864 2416 869 2425 ·

257 2474 309 2525 Hac
322 2476 428 2524 Fortuna
444 2474 483 2523 die
499 2472 613 2532 Publica,
630 2489 705 2523 verus
721 2472 778 2522 erit.

220 2547 349 2598 TERTIA
361 2549 401 2597 lux
411 2580 418 2605 ,
431 2548 527 2596 memini
537 2582 544 2606 ,
563 2547 637 2597 Ludis
646 2558 700 2596 erat
710 2560 718 2595 t
729 2556 754 2594 at
763 2545 825 2606 mihi
835 2546 936 2611 quidam

256 2620 377 2688 Spetianti
392 2621 489 2680 senior,
508 2618 682 2687 contiguuique
696 2620 775 2676 loco;
804 2631 816 2647 ·

219 2695 281 2745 Haec
296 2695 346 2754 ait,
363 2694 403 2743 illa
419 2695 489 2751 dies,
506 2695 604 2761 Libycis
618 2692 666 2759 qut
680 2691 760 2742 Cesar
779 2691 803 2740 in
818 2689 870 2739 oris

156 2770 207 2836 380
254 2766 347 2818 Perfida
358 2767 500 2837 magnanimi
513 2767 616 2816 contulit
626 2782 690 2815 amna
702 2765 781 2817 lubae.

216 2844 276 2895 Dux
285 2842 342 2891 mihi
352 2841 431 2891 Cesar
442 2852 494 2890 eret
506 2874 514 2896 ,
530 2840 571 2891 sub
581 2856 630 2907 mro
640 2836 751 2889 meruiss'e
760 2836 891 2887 Tribunus

256 2915 378 2969 Glorior:
397 2912 479 2967 officio
497 2915 594 2982 prefuit
613 2914 655 2963 ille
670 2928 738 2964 meo.
863 2980 892 3032 H

893 2997 938 3031 ane
