1975 3700
178 165 617 265 ansrrvm'Lrn.
644 200 714 269 IV.
742 220 817 288 229

101 308 192 358 Crede
206 310 274 377 quod
286 310 338 371 esi,
356 312 460 397 quod'
436 328 493 370 ru,
500 328 539 364 ac
555 311 641 361 desine
654 326 706 365 tuta
720 316 818 389 vereri·

142 382 235 449 Deque
252 382 306 433 fide
316 386 383 447 terti
398 386 431 435 sit
445 385 489 435 ribi
505 397 570 435 certa
581 374 665 436 sides.

102 452 240 522 Quodque
244 458 303 542 poio
318 456 374 509 666
381 470 508 525 nequeunt
517 460 563 509 tibi
573 458 654 509 dicere
669 459 768 511 flamme
782 495 790 521 ‚
832 476 861 524 15

143 530 204 577 Non
219 530 349 581 66661661
361 545 388 583 tu
401 532 445 581 tibi
461 548 523 581 voce
537 531 624 588 refer.

101 599 161 651 Esse
176 603 215 651 tui
229 620 381 661 memorem,
396 606 427 655 de
439 605 491 670 qui
506 604 551 667 tibi
567 605 667 655 maxima
684 619 741 655 cura
755 606 808 663 66,

144 672 270 742 Quodque
284 676 382 743 potest,
399 678 479 727 securn
494 693 584 727 nomen
601 678 690 728 habere
705 692 781 731 tuum.

100 746 226 802 vultibus
242 749 283 798 616
293 750 366 815 tuis,
378 763 498 834 tamquam
512 749 636 823 presentis
651 783 658 809 ,
676 751 799 811 inheret,
862 804 866 813 ‚

143 818 233 887 Teque
247 835 340 873 remota
354 826 457 889 procus,
475 840 497 871 ιι
490 820 583 873 'modd
596 824 674 881 vivit,
692 841 764 877 amar.
829 839 863 874 20

102 894 222 959 Ecquid,
238 908 267 945 ut
279 896 389 960 incubuit
400 896 465 963 justo
476 912 543 945 mens
560 913 623 963 aegra
639 880 822 957 661661..

143 966 217 1017 Lenis
231 970 262 1019 ab
278 970 402 1021 admonito
417 969 517 1035 petiere
534 970 629 1034 somnus
645 970 717 1021 abit?

101 1038 179 1090 Tunc
196 1040 298 1093 subeunt
313 1060 397 1103 curae,
416 1043 472 1093 dum
485 1056 511 1093 te
525 1043 649 1127 iesiusque
665 1044 824 1115 locusque
821 1082 823 1092 ,

143 1112 262 1198 Tangit,
270 1116 297 1166 δι
311 1118 409 1179 oblitam
424 1134 473 1167 non
487 1116 543 1169 sinit
560 1116 606 1167 esse
621 1115 689 1165 mei?

100 1186 138 1236 Et
153 1201 256 1239 veniunt
269 1188 354 1250 aestus,
371 1190 462 1240 &nox
475 1190 586 1241 immens
600 1172 717 1248 'videtum
828 1204 860 1250 ις

143 1260 258 1327 Fessaque
274 1260 355 1328 1666ιί
372 1262 481 1329 corporis
498 1262 545 1313 ossa
563 1260 662 1312 dolent?

101 1334 164 1383 Non
182 1334 294 1400 equidem
309 1336 412 1394 dubito,
428 1353 486 1403 quin
499 1337 550 1385 haec
567 1336 593 1385 dc
610 1348 690 1403 curere¹
704 1334 783 1393 srant5

135 1406 244 1473 'Detque
258 1420 315 1459 tuus
331 1408 386 1459 casii
400 1409 469 1477 signa
484 1409 574 1459 doloris
590 1426 677 1459 amor:

101 1480 162 1529 Nec
176 1481 286 1532 cruciere
299 1480 396 1541 minus,
414 1485 483 1549 quim
500 1481 554 1533 crim
567 1482 683 1534 Thebana
700 1494 845 1534 cruentum.

141 1552 250 1603 Hedera
265 1554 401 1621 Thessalico
418 1556 480 1605 vidit
496 1558 525 1605 ab
541 1572 586 1607 axe
600 1556 661 1647 rapi.
827 1569 859 1617 30

102 1625 175 1689 Quid
188 1639 269 1693 tamen
283 1629 332 1694 ipse
347 1645 452 1695 precer,
469 1618 573 1684 dubito:
586 1644 637 1677 neo.
648 1617 729 1685 dicere
744 1626 854 1693 661666,

141 1683 266 1750 11666661
279 1718 349 1768 quem
364 1714 390 1751 te
405 1703 491 1753 mentis
507 1704 597 1751 habere
612 1703 695 1751 velim.

101 1772 229 1823 Tristises
241 1772 251 1823 ³
264 1774 395 1842 indignor,
412 1776 539 1841 quodsum
553 1775 598 1823 tibi
613 1757 680 1823 ceusu
696 1772 808 1824 doloris·
801 1808 808 1823 .

141 1846 201 1896 Non
216 1844 267 1897 es?
283 1861 311 1900 ut
324 1848 404 1898 amisso
421 1848 525 1917 conjuge
542 1848 613 1916 digna
629 1848 706 1898 sores.

101 1921 146 1968 Tu
159 1918 220 1970 verd
235 1933 277 1970 tun
292 1922 377 1973 damna
393 1922 450 1972 dole
461 1957 469 1982 ,
479 1923 607 1987 ⁴mitissime
623 1921 712 1988 conjux
724 1938 733 1980 ι
827 1932 858 1984 35

140 1993 250 2060 Tempus
265 1994 320 2046 &a
336 1994 419 2046 nosiris
435 1997 507 2064 exige
523 1995 587 2044 triste
604 1996 689 2046 malis:

101 2067 198 2132 Fquue
211 2084 289 2118 meos
294 2068 382 2122 casus.
375 2085 382 2098 ·
396 2069 429 2123 esi
444 2070 551 2154 quaedqrn
567 2068 626 2128 flere
642 2071 774 2135 voiuptas:

142 2139 260 2224 Expletur
274 2142 385 2208 lacrymis
401 2143 556 2209 egeriturque
573 2142 682 2205 dolor.

100 2213 186 2278 Atque
203 2214 293 2264 urinam
308 2215 412 2281 sugenda
428 2215 471 2265 tibi
484 2231 534 2264 666
551 2214 619 2274 vita,
638 2213 678 2264 sed
695 2211 770 2264 esset

141 2284 213 2336 Mors
227 2304 301 2336 mea
295 2286 394 2354 'morte
409 2288 476 2355 sores
490 2273 540 2338 soli
554 2287 636 2356 161166
650 2286 858 2354 166146

99 2359 208 2425 Spiritus
222 2360 261 2417 hic
275 2374 359 2429 perte
373 2360 461 2428 patrias
478 2359 584 2412 exiffet'
574 2377 601 2410 ι6
617 2376 703 2432 aures:

140 2431 282 2497 Sparsiss'ent
296 2434 409 2502 lacrymer
425 2433 524 2500 pestora
538 2432 655 2484 nosira
631 2427 686 2500 616.

101 2506 272 2572 Supremoque
288 2507 327 2557 die
341 2520 426 2556 notum
443 2506 572 2572 1661166116
589 2499 678 2558 coelum

138 2577 263 2629 Texissent
278 2580 346 2647 digiti
359 2568 449 2630 sumina
461 2579 539 2630 nostra
554 2580 608 2630 161.

99 2651 172 2701 Et
150 2653 209 2703 ernis
220 2655 249 2715 in
263 2656 356 2713 tumulo
373 2655 466 2722 positus
480 2651 589 2719 iectusset
602 2653 689 2712 avito,
823 2664 856 2712 45
922 2670 924 2672 ·

138 2723 263 2792 Tatirque
275 2726 382 2779 nascenti
398 2743 497 2796 corpus.
498 2720 603 2784 haberet
620 2727 715 2779 humus.

38 2853 41 2859 ,
98 2798 217 2867 Denique
232 2800 321 2861 6,.61
336 2800 405 2856 vixi,
423 2802 495 2870 sine
492 2799 592 2854 ¹crimine
609 2813 717 2858 mortuus
733 2795 813 2846 essem.

137 2871 209 2921 Nunc
225 2890 278 2925 mea
294 2873 410 2942 supplicio
426 2874 476 2925 vita
491 2856 604 2944 ¹pudende
619 2871 661 2924 suo
677 2871 720 2924 est.
774 2917 778 2929 ,
