1975 3700
491 657 1699 833 OVIDIINASONIS

411 947 696 1068 ΨΑ
754 946 831 1066 S
893 943 1009 1061 Τ
1055 940 1183 1064 O
1243 945 1375 1061 R
1438 946 1582 1068 U
1638 940 1828 1058 M

711 1181 1203 1250 LIBER
1301 1179 1469 1250 IV.

391 1308 529 1428 a&
546 1387 578 1422 ι
592 1386 642 1422 Μ
657 1385 694 1423 Α
714 1406 730 1432 ,
750 1373 861 1426 fave
882 1373 983 1426 vati
998 1408 1013 1433 ‚
1038 1371 1338 1442 geminorum
1358 1384 1512 1422 mater
1532 1369 1807 1425 Amorum.

463 1447 540 1496 Ad
567 1458 727 1498 vatem
754 1449 920 1498 vuitus
949 1449 1117 1498 retulit
1144 1447 1227 1497 ina
1257 1447 1386 1497 suos.

312 1534 314 1537 ’
392 1519 524 1584 Quid
547 1519 644 1570 ‘tibi
667 1555 682 1580 ‚
713 1521 781 1573 ait
803 1555 818 1580 ,
852 1537 1045 1571 mecum
1069 1521 1089 1571 Ξ
1127 1518 1261 1570 certe
1291 1518 1471 1585 majora
1501 1519 1739 1570 canebas.

461 1594 589 1642 Num
620 1606 762 1644 vetus
790 1596 841 1644 in
870 1595 1006 1644 molli
1038 1594 1235 1660 pefiore
1267 1594 1442 1642 vuinus
1471 1594 1623 1643 habes
1646 1590 1668 1641 ἓ

342 1678 369 1729 5
396 1666 501 1716 Scis
523 1701 538 1726 ,
564 1666 674 1717 Dea
699 1700 716 1727 ,
744 1668 967 1734 respondi
992 1701 1008 1726 ,
1041 1669 1101 1716 de
1130 1668 1354 1716 vulnere.
1391 1666 1517 1718 Risit
1541 1680 1559 1716 t
1589 1666 1645 1717 δι
1666 1667 1834 1716 ether

461 1738 684 1793 Protinus
718 1757 780 1792 ex
814 1741 892 1790 illa
920 1753 1057 1807 parte
1090 1740 1289 1790 serenus
1324 1750 1448 1789 erat.

388 1812 590 1865 Saucius
608 1847 623 1874 ‚
657 1832 720 1864 an
748 1815 884 1865 sanus
906 1848 921 1873 ‚
949 1813 1181 1883 numquid
1210 1825 1293 1864 tua
1322 1813 1462 1881 signa
1485 1812 1661 1880 reliqui
1685 1810 1709 1862 ἓ

460 1887 540 1937 Tu
570 1889 686 1937 mihi
719 1888 1025 1954 propositum
1054 1922 1069 1947 ‚
1105 1901 1163 1938 tu
1192 1888 1312 1937 mihi
1340 1887 1530 1954 semper
1561 1902 1709 1952 opus.

389 1959 516 2025 Quae
548 1961 711 2012 decuit
731 1994 750 2020 ‚
780 1962 947 2027 primis
977 1961 1085 2012 sine
1118 1962 1318 2011 crimine
1348 1961 1548 2011 lusimus
1579 1961 1724 2031 annis
1753 1976 1777 2019 ς

305 2045 370 2083 10
463 2034 607 2084 Nunc
639 2036 815 2085 teritur
844 2034 1012 2085 nostris
1043 2051 1153 2085 area
1180 2033 1337 2100 major
1368 2034 1524 2100 equis.

386 2104 633 2173 Tempora
655 2123 762 2158 cum
787 2110 957 2159 causis'
972 2142 988 2168 ,
1027 2108 1299 2158 Annalibus
1321 2119 1459 2157 eruta
1488 2106 1657 2174 priscis
1680 2139 1697 2166 ,

460 2179 707 2248 Lapsaque
739 2182 821 2232 sub
849 2194 1005 2233 terras
1024 2215 1040 2240 ,
1079 2194 1283 2247 ortaque
1314 2181 1448 2248 signa
1476 2183 1508 2238 ,'
1528 2197 1674 2230 cano.

385 2253 626 2306 Venimus
647 2256 705 2305 ad
724 2252 947 2322 'quartiun
967 2289 984 2314 ,
1012 2271 1111 2320 quo
1132 2266 1186 2304 tu
1209 2254 1523 2305 celeberrima
1547 2287 1562 2310 ,
1584 2253 1829 2306 mensem.

462 2326 527 2376 Et
555 2340 713 2378 vatem
737 2362 753 2386 ‚
790 2329 842 2379 &
863 2328 1071 2377 mensem
1095 2328 1190 2377 scis
1211 2362 1227 2387 ,
1259 2329 1434 2379 Venus
1457 2360 1473 2387 ,
1505 2326 1599 2377 effe
1626 2339 1772 2378 ωας.

304 2410 364 2461 15
391 2399 536 2449 Mota
567 2400 863 2468 Cytheriaca
894 2402 1071 2451 leviter
1098 2416 1206 2450 mea
1237 2413 1460 2469 tempora
1485 2413 1650 2468 myrto

462 2473 686 2541 Contigit
713 2491 728 2524 ε
757 2474 806 2525 δι
830 2507 846 2532 ,
887 2474 1116 2540 Coeptum
1150 2474 1331 2541 perfice
1354 2508 1370 2533 ,
1405 2474 1525 2524 dixit
1548 2506 1569 2531 ,
1602 2490 1755 2540 opus·

385 2546 678 2605 Sensimus;
722 2547 774 2599 δι
808 2547 963 2597 subit&
996 2548 1148 2599 causae
1177 2561 1383 2615 patuere
1415 2548 1619 2600 dierum.

463 2622 595 2669 Dum
619 2620 734 2671 licet
758 2654 773 2679 ,
806 2622 857 2672 &
879 2622 1058 2687 spirant
1084 2621 1270 2672 flamina
1288 2657 1303 2682 ‚
1341 2622 1475 2671 navis
1504 2633 1605 2672 eat.

389 2693 440 2744 Si
466 2711 556 2760 qua
581 2707 740 2746 tamen
772 2711 882 2761 pars
904 2709 955 2745 te
989 2696 1051 2747 de
1074 2696 1109 2744 F
1112 2695 1219 2745 astis
1244 2708 1447 2763 tangere
1470 2694 1615 2745 debet
1638 2726 1657 2754 ‚

301 2778 371 2814 20
467 2766 626 2818 Caesar
649 2801 664 2826 ,
695 2770 741 2818 in
771 2768 927 2834 Aprili
949 2802 964 2827 ‚
1001 2784 1101 2835 quo
1128 2767 1340 2818 tenearis
1366 2801 1382 2827 ,
1416 2769 1589 2818 habes,

389 2839 488 2891 Hic
511 2841 570 2890 ad
599 2855 651 2891 te
681 2842 857 2910 magna
887 2842 1137 2891 descendit
1167 2842 1373 2909 imagine
1403 2841 1583 2893 mensis
1608 2872 1627 2901 ,

463 2912 525 2964 Et
553 2913 609 2964 fit
635 2914 868 2981 adoptiva
896 2915 1149 2965 nobilitate
1178 2926 1312 2967 tuus·
