<?xml version="1.0" encoding="UTF-8"?>
<!DOCTYPE html PUBLIC "-//W3C//DTD XHTML 1.0 Transitional//EN"
    "http://www.w3.org/TR/xhtml1/DTD/xhtml1-transitional.dtd">
<html xmlns="http://www.w3.org/1999/xhtml" xml:lang="en" lang="en">
 <head>
  <title>
</title>
<meta http-equiv="Content-Type" content="text/html;charset=utf-8" />
  <meta name='ocr-system' content='tesseract 3.04.00' />
  <meta name='ocr-capabilities' content='ocr_page ocr_carea ocr_par ocr_line ocrx_word'/>
</head>
<body>
  <div class='ocr_page' id='page_1' title='image "./povidiinasoniso00unkngoog_0250.png"; bbox 0 0 1975 3700; ppageno 0'>
   <div class='ocr_carea' id='block_1_1' title="bbox 151 271 791 368">
    <p class='ocr_par' dir='ltr' id='par_1_1' title="bbox 151 271 791 368">
     <span class='ocr_line' id='line_1_1' title="bbox 151 271 791 368; baseline 0.011 -28"><span class='ocrx_word' id='word_1_1' title='bbox 151 271 595 343; x_wconf 72' lang='lat' dir='ltr'>&#39;ansrrurtbrm</span> <span class='ocrx_word' id='word_1_2' title='bbox 624 278 666 344; x_wconf 86' lang='lat' dir='ltr'>V.</span> <span class='ocrx_word' id='word_1_3' title='bbox 716 291 791 368; x_wconf 89' lang='lat'>253</span> 
     </span>
    </p>
   </div>
   <div class='ocr_carea' id='block_1_2' title="bbox 74 384 839 3024">
    <p class='ocr_par' dir='ltr' id='par_1_2' title="bbox 83 384 836 532">
     <span class='ocr_line' id='line_1_2' title="bbox 83 384 836 460; baseline -0.005 -16"><span class='ocrx_word' id='word_1_4' title='bbox 83 391 224 458; x_wconf 69' lang='lat' dir='ltr'>Adiicerem</span> <span class='ocrx_word' id='word_1_5' title='bbox 241 393 266 443; x_wconf 77' lang='lat' dir='ltr'>bt</span> <span class='ocrx_word' id='word_1_6' title='bbox 281 391 373 441; x_wconf 79' lang='lat' dir='ltr'>nostros</span> <span class='ocrx_word' id='word_1_7' title='bbox 386 407 393 442; x_wconf 76' lang='lat' dir='ltr'>r</span> <span class='ocrx_word' id='word_1_8' title='bbox 406 391 447 441; x_wconf 90' lang='lat' dir='ltr'>sed</span> <span class='ocrx_word' id='word_1_9' title='bbox 463 409 494 442; x_wconf 86' lang='lat' dir='ltr'>ne</span> <span class='ocrx_word' id='word_1_10' title='bbox 511 384 623 460; x_wconf 81' lang='lat' dir='ltr'>contagia</span> <span class='ocrx_word' id='word_1_11' title='bbox 638 392 682 443; x_wconf 85' lang='lat' dir='ltr'>sati</span> <span class='ocrx_word' id='word_1_12' title='bbox 803 403 836 453; x_wconf 82' lang='lat'>25</span> 
     </span>
     <span class='ocr_line' id='line_1_3' title="bbox 122 465 710 532; baseline 0 -16"><span class='ocrx_word' id='word_1_13' title='bbox 122 467 301 530; x_wconf 71' lang='lat' dir='ltr'>Corrumpunt,</span> <span class='ocrx_word' id='word_1_14' title='bbox 316 465 408 524; x_wconf 87' lang='lat' dir='ltr'>timeo,</span> <span class='ocrx_word' id='word_1_15' title='bbox 424 482 486 531; x_wconf 88' lang='lat' dir='ltr'>quos</span> <span class='ocrx_word' id='word_1_16' title='bbox 500 466 550 532; x_wconf 80' lang='lat' dir='ltr'>agit</span> <span class='ocrx_word' id='word_1_17' title='bbox 564 465 633 531; x_wconf 83' lang='lat' dir='ltr'>ipsa,</span> <span class='ocrx_word' id='word_1_18' title='bbox 652 467 710 516; x_wconf 86' lang='lat' dir='ltr'>mei.</span> 
     </span>
    </p>

    <p class='ocr_par' dir='ltr' id='par_1_3' title="bbox 83 537 759 679">
     <span class='ocr_line' id='line_1_4' title="bbox 83 537 759 605; baseline 0.001 -17"><span class='ocrx_word' id='word_1_19' title='bbox 83 537 127 588; x_wconf 87' lang='lat' dir='ltr'>Nil</span> <span class='ocrx_word' id='word_1_20' title='bbox 142 540 236 588; x_wconf 87' lang='lat' dir='ltr'>homini</span> <span class='ocrx_word' id='word_1_21' title='bbox 249 551 340 588; x_wconf 83' lang='lat' dir='ltr'>certum</span> <span class='ocrx_word' id='word_1_22' title='bbox 355 537 389 587; x_wconf 75' lang='lat' dir='ltr'>est</span> <span class='ocrx_word' id='word_1_23' title='bbox 402 554 410 588; x_wconf 77' lang='lat' dir='ltr'>a</span> <span class='ocrx_word' id='word_1_24' title='bbox 425 537 478 588; x_wconf 86' lang='lat' dir='ltr'>fieri</span> <span class='ocrx_word' id='word_1_25' title='bbox 492 539 546 605; x_wconf 83' lang='lat' dir='ltr'>quis</span> <span class='ocrx_word' id='word_1_26' title='bbox 560 538 626 604; x_wconf 81' lang='lat' dir='ltr'>poffe</span> <span class='ocrx_word' id='word_1_27' title='bbox 641 552 759 605; x_wconf 86' lang='lat' dir='ltr'>potaret,</span> 
     </span>
     <span class='ocr_line' id='line_1_5' title="bbox 122 611 741 679; baseline 0.003 -19"><span class='ocrx_word' id='word_1_28' title='bbox 122 611 158 660; x_wconf 91' lang='lat' dir='ltr'>Ut</span> <span class='ocrx_word' id='word_1_29' title='bbox 173 611 277 662; x_wconf 84' lang='lat' dir='ltr'>lacerem</span> <span class='ocrx_word' id='word_1_30' title='bbox 293 613 317 660; x_wconf 89' lang='lat' dir='ltr'>in</span> <span class='ocrx_word' id='word_1_31' title='bbox 332 611 415 662; x_wconf 87' lang='lat' dir='ltr'>mediis</span> <span class='ocrx_word' id='word_1_32' title='bbox 430 613 483 662; x_wconf 78' lang='lat' dir='ltr'>haec</span> <span class='ocrx_word' id='word_1_33' title='bbox 500 628 549 679; x_wconf 79' lang='lat' dir='ltr'>ego</span> <span class='ocrx_word' id='word_1_34' title='bbox 562 613 627 662; x_wconf 81' lang='lat' dir='ltr'>sacra</span> <span class='ocrx_word' id='word_1_35' title='bbox 643 611 741 664; x_wconf 77' lang='lat' dir='ltr'>Getis?</span> 
     </span>
    </p>

    <p class='ocr_par' dir='ltr' id='par_1_4' title="bbox 82 684 839 824">
     <span class='ocr_line' id='line_1_6' title="bbox 82 684 719 750; baseline 0.005 -15"><span class='ocrx_word' id='word_1_36' title='bbox 82 684 192 750; x_wconf 77' lang='lat' dir='ltr'>Aspice,</span> <span class='ocrx_word' id='word_1_37' title='bbox 204 697 231 735; x_wconf 91' lang='lat' dir='ltr'>ut</span> <span class='ocrx_word' id='word_1_38' title='bbox 247 701 304 734; x_wconf 84' lang='lat' dir='ltr'>aura</span> <span class='ocrx_word' id='word_1_39' title='bbox 320 696 400 734; x_wconf 85' lang='lat' dir='ltr'>tamen</span> <span class='ocrx_word' id='word_1_40' title='bbox 417 685 497 736; x_wconf 85' lang='lat' dir='ltr'>sumus</span> <span class='ocrx_word' id='word_1_41' title='bbox 513 702 528 735; x_wconf 87' lang='lat' dir='ltr'>e</span> <span class='ocrx_word' id='word_1_42' title='bbox 545 697 601 737; x_wconf 83' lang='lat' dir='ltr'>ture</span> <span class='ocrx_word' id='word_1_43' title='bbox 617 699 719 738; x_wconf 90' lang='lat' dir='ltr'>coortos</span> 
     </span>
     <span class='ocr_line' id='line_1_7' title="bbox 121 757 839 824; baseline 0.006 -18"><span class='ocrx_word' id='word_1_44' title='bbox 121 758 149 806; x_wconf 87' lang='lat' dir='ltr'>ln</span> <span class='ocrx_word' id='word_1_45' title='bbox 166 770 248 823; x_wconf 88' lang='lat' dir='ltr'>partes</span> <span class='ocrx_word' id='word_1_46' title='bbox 262 758 352 815; x_wconf 84' lang='lat' dir='ltr'>italas,</span> <span class='ocrx_word' id='word_1_47' title='bbox 371 757 397 807; x_wconf 78' lang='grc' dir='ltr'>δι</span> <span class='ocrx_word' id='word_1_48' title='bbox 412 759 467 808; x_wconf 86' lang='lat' dir='ltr'>loca</span> <span class='ocrx_word' id='word_1_49' title='bbox 482 758 585 818; x_wconf 81' lang='lat' dir='ltr'>dextra,</span> <span class='ocrx_word' id='word_1_50' title='bbox 603 758 675 810; x_wconf 85' lang='lat' dir='ltr'>serat.</span> <span class='ocrx_word' id='word_1_51' title='bbox 803 771 839 824; x_wconf 80' lang='lat'>30</span> 
     </span>
    </p>

    <p class='ocr_par' dir='ltr' id='par_1_5' title="bbox 83 830 730 972">
     <span class='ocr_line' id='line_1_8' title="bbox 83 830 730 902; baseline 0.006 -21"><span class='ocrx_word' id='word_1_52' title='bbox 83 830 172 881; x_wconf 85' lang='lat' dir='ltr'>Sensus</span> <span class='ocrx_word' id='word_1_53' title='bbox 187 831 245 880; x_wconf 81' lang='lat' dir='ltr'>inest</span> <span class='ocrx_word' id='word_1_54' title='bbox 259 831 331 898; x_wconf 80' lang='lat' dir='ltr'>igitur</span> <span class='ocrx_word' id='word_1_55' title='bbox 344 831 458 891; x_wconf 84' lang='lat' dir='ltr'>nebulis,</span> <span class='ocrx_word' id='word_1_56' title='bbox 477 849 536 898; x_wconf 83' lang='lat' dir='ltr'>quas</span> <span class='ocrx_word' id='word_1_57' title='bbox 550 832 628 900; x_wconf 78' lang='lat' dir='ltr'>erigit</span> <span class='ocrx_word' id='word_1_58' title='bbox 643 832 707 902; x_wconf 73' lang='lat' dir='ltr'>ignis</span> <span class='ocrx_word' id='word_1_59' title='bbox 721 848 730 884; x_wconf 72' lang='lat' dir='ltr'>t</span> 
     </span>
     <span class='ocr_line' id='line_1_9' title="bbox 122 889 653 972; baseline 0.008 -19"><span class='ocrx_word' id='word_1_60' title='bbox 122 903 256 954; x_wconf 81' lang='lat' dir='ltr'><strong>Consilium</strong></span> <span class='ocrx_word' id='word_1_61' title='bbox 271 904 367 972; x_wconf 80' lang='lat' dir='ltr'>fugiunt</span> <span class='ocrx_word' id='word_1_62' title='bbox 383 915 465 955; x_wconf 87' lang='lat' dir='ltr'>cetera</span> <span class='ocrx_word' id='word_1_63' title='bbox 480 921 549 972; x_wconf 75' lang='lat' dir='ltr'>pene</span> <span class='ocrx_word' id='word_1_64' title='bbox 563 889 653 958; x_wconf 81' lang='lat' dir='ltr'>m&#39;eum.</span> 
     </span>
    </p>

    <p class='ocr_par' dir='ltr' id='par_1_6' title="bbox 82 975 671 1118">
     <span class='ocr_line' id='line_1_10' title="bbox 82 975 671 1029; baseline 0.005 -3"><span class='ocrx_word' id='word_1_65' title='bbox 82 975 195 1026; x_wconf 81' lang='lat' dir='ltr'>Consilio</span> <span class='ocrx_word' id='word_1_66' title='bbox 213 977 444 1027; x_wconf 83' lang='lat' dir='ltr'>commonefactum</span> <span class='ocrx_word' id='word_1_67' title='bbox 461 977 515 1028; x_wconf 73' lang='lat' dir='ltr'>crim</span> <span class='ocrx_word' id='word_1_68' title='bbox 530 977 574 1029; x_wconf 85' lang='lat' dir='ltr'>fiat</span> <span class='ocrx_word' id='word_1_69' title='bbox 589 978 614 1028; x_wconf 86' lang='lat' dir='ltr'>in</span> <span class='ocrx_word' id='word_1_70' title='bbox 630 995 671 1029; x_wconf 83' lang='lat' dir='ltr'>ata</span> 
     </span>
     <span class='ocr_line' id='line_1_11' title="bbox 120 1049 640 1118; baseline 0.006 -19"><span class='ocrx_word' id='word_1_71' title='bbox 120 1051 260 1110; x_wconf 83' lang='lat' dir='ltr'>Fratribus,</span> <span class='ocrx_word' id='word_1_72' title='bbox 279 1049 371 1100; x_wconf 76' lang='lat' dir='ltr'>alterni</span> <span class='ocrx_word' id='word_1_73' title='bbox 382 1052 425 1117; x_wconf 90' lang='lat' dir='ltr'>qui</span> <span class='ocrx_word' id='word_1_74' title='bbox 438 1052 534 1118; x_wconf 83' lang='lat' dir='ltr'>periere</span> <span class='ocrx_word' id='word_1_75' title='bbox 548 1069 640 1112; x_wconf 77' lang='lat' dir='ltr'>manu.</span> 
     </span>
    </p>

    <p class='ocr_par' dir='ltr' id='par_1_7' title="bbox 81 1121 837 1264">
     <span class='ocr_line' id='line_1_12' title="bbox 81 1121 837 1191; baseline 0.004 -17"><span class='ocrx_word' id='word_1_76' title='bbox 81 1121 135 1188; x_wconf 86' lang='lat' dir='ltr'>Ipsa</span> <span class='ocrx_word' id='word_1_77' title='bbox 153 1125 198 1172; x_wconf 83' lang='lat' dir='ltr'><strong>sibi</strong></span> <span class='ocrx_word' id='word_1_78' title='bbox 213 1123 322 1182; x_wconf 80' lang='lat' dir='ltr'>discors,</span> <span class='ocrx_word' id='word_1_79' title='bbox 341 1136 461 1191; x_wconf 79' lang='lat' dir='ltr'>tamquam</span> <span class='ocrx_word' id='word_1_80' title='bbox 474 1125 602 1175; x_wconf 84' lang='lat' dir='ltr'>mandetur</span> <span class='ocrx_word' id='word_1_81' title='bbox 614 1127 646 1175; x_wconf 88' lang='lat' dir='ltr'>ab</span> <span class='ocrx_word' id='word_1_82' title='bbox 661 1123 728 1185; x_wconf 78' lang='lat' dir='ltr'>illis,</span> <span class='ocrx_word' id='word_1_83' title='bbox 803 1138 837 1191; x_wconf 81' lang='lat'>35</span> 
     </span>
     <span class='ocr_line' id='line_1_13' title="bbox 120 1196 629 1264; baseline 0.002 -18"><span class='ocrx_word' id='word_1_84' title='bbox 120 1196 242 1247; x_wconf 82' lang='lat' dir='ltr'>Scinditur</span> <span class='ocrx_word' id='word_1_85' title='bbox 257 1198 283 1246; x_wconf 87' lang='lat' dir='ltr'>in</span> <span class='ocrx_word' id='word_1_86' title='bbox 297 1209 379 1264; x_wconf 85' lang='lat' dir='ltr'>partes</span> <span class='ocrx_word' id='word_1_87' title='bbox 395 1209 446 1248; x_wconf 85' lang='lat' dir='ltr'>atta</span> <span class='ocrx_word' id='word_1_88' title='bbox 463 1199 544 1248; x_wconf 79' lang='lat' dir='ltr'>favilla</span> <span class='ocrx_word' id='word_1_89' title='bbox 561 1199 629 1249; x_wconf 84' lang='lat' dir='ltr'>duas.</span> 
     </span>
    </p>

    <p class='ocr_par' dir='ltr' id='par_1_8' title="bbox 81 1267 795 1410">
     <span class='ocr_line' id='line_1_14' title="bbox 81 1267 795 1340; baseline 0.004 -21"><span class='ocrx_word' id='word_1_90' title='bbox 81 1267 159 1329; x_wconf 88' lang='lat' dir='ltr'>Hoc,</span> <span class='ocrx_word' id='word_1_91' title='bbox 176 1271 289 1330; x_wconf 88' lang='lat' dir='ltr'>memini,</span> <span class='ocrx_word' id='word_1_92' title='bbox 307 1270 427 1336; x_wconf 86' lang='lat' dir='ltr'>quondam</span> <span class='ocrx_word' id='word_1_93' title='bbox 440 1269 494 1322; x_wconf 87' lang='lat' dir='ltr'>fieri</span> <span class='ocrx_word' id='word_1_94' title='bbox 510 1289 560 1322; x_wconf 86' lang='lat' dir='ltr'>non</span> <span class='ocrx_word' id='word_1_95' title='bbox 575 1271 641 1338; x_wconf 79' lang='lat' dir='ltr'>poffe</span> <span class='ocrx_word' id='word_1_96' title='bbox 657 1272 795 1340; x_wconf 80' lang='lat' dir='ltr'>loquebar:</span> 
     </span>
     <span class='ocr_line' id='line_1_15' title="bbox 118 1342 609 1410; baseline 0.004 -18"><span class='ocrx_word' id='word_1_97' title='bbox 118 1342 150 1392; x_wconf 83' lang='lat' dir='ltr'>Et</span> <span class='ocrx_word' id='word_1_98' title='bbox 168 1360 206 1394; x_wconf 91' lang='lat' dir='ltr'>me</span> <span class='ocrx_word' id='word_1_99' title='bbox 223 1343 345 1394; x_wconf 80' lang='lat' dir='ltr'>Battiades</span> <span class='ocrx_word' id='word_1_100' title='bbox 359 1342 441 1410; x_wconf 87' lang='lat' dir='ltr'>judice</span> <span class='ocrx_word' id='word_1_101' title='bbox 457 1345 529 1396; x_wconf 80' lang='lat' dir='ltr'>falsus</span> <span class='ocrx_word' id='word_1_102' title='bbox 547 1357 609 1396; x_wconf 85' lang='lat' dir='ltr'>erat.</span> 
     </span>
    </p>

    <p class='ocr_par' dir='ltr' id='par_1_9' title="bbox 82 1415 837 1559">
     <span class='ocr_line' id='line_1_16' title="bbox 82 1415 748 1475; baseline 0.006 -9"><span class='ocrx_word' id='word_1_103' title='bbox 82 1415 172 1466; x_wconf 87' lang='lat' dir='ltr'>Omnia</span> <span class='ocrx_word' id='word_1_104' title='bbox 184 1433 247 1467; x_wconf 87' lang='lat' dir='ltr'>nunc</span> <span class='ocrx_word' id='word_1_105' title='bbox 259 1417 333 1467; x_wconf 90' lang='lat' dir='ltr'>credo</span> <span class='ocrx_word' id='word_1_106' title='bbox 345 1451 352 1475; x_wconf 87' lang='lat'>,</span> <span class='ocrx_word' id='word_1_107' title='bbox 374 1415 428 1468; x_wconf 82' lang='lat' dir='ltr'>crim</span> <span class='ocrx_word' id='word_1_108' title='bbox 437 1431 464 1468; x_wconf 88' lang='lat' dir='ltr'>tu</span> <span class='ocrx_word' id='word_1_109' title='bbox 475 1435 525 1468; x_wconf 89' lang='lat' dir='ltr'>non</span> <span class='ocrx_word' id='word_1_110' title='bbox 538 1418 622 1468; x_wconf 80' lang='lat' dir='ltr'>slultus</span> <span class='ocrx_word' id='word_1_111' title='bbox 632 1419 661 1468; x_wconf 86' lang='lat' dir='ltr'>ab</span> <span class='ocrx_word' id='word_1_112' title='bbox 672 1418 748 1471; x_wconf 75' lang='lat' dir='ltr'>troo</span> 
     </span>
     <span class='ocr_line' id='line_1_17' title="bbox 116 1489 837 1559; baseline 0.006 -21"><span class='ocrx_word' id='word_1_113' title='bbox 116 1490 200 1557; x_wconf 83' lang='lat' dir='ltr'>Terga</span> <span class='ocrx_word' id='word_1_114' title='bbox 217 1506 293 1555; x_wconf 84' lang='lat' dir='ltr'>vapor</span> <span class='ocrx_word' id='word_1_115' title='bbox 306 1489 421 1550; x_wconf 85' lang='lat' dir='ltr'>dedetis,</span> <span class='ocrx_word' id='word_1_116' title='bbox 435 1492 613 1559; x_wconf 76' lang='lat' dir='ltr'>Ausoniamque</span> <span class='ocrx_word' id='word_1_117' title='bbox 625 1505 706 1558; x_wconf 80' lang='lat' dir='ltr'>petas.</span> <span class='ocrx_word' id='word_1_118' title='bbox 800 1506 837 1554; x_wconf 85' lang='lat'>40</span> 
     </span>
    </p>

    <p class='ocr_par' dir='ltr' id='par_1_10' title="bbox 81 1561 721 1689">
     <span class='ocr_line' id='line_1_18' title="bbox 81 1561 721 1630; baseline 0.008 -19"><span class='ocrx_word' id='word_1_119' title='bbox 81 1561 143 1614; x_wconf 83' lang='lat' dir='ltr'>Haec</span> <span class='ocrx_word' id='word_1_120' title='bbox 158 1563 232 1630; x_wconf 84' lang='lat' dir='ltr'>igitur</span> <span class='ocrx_word' id='word_1_121' title='bbox 247 1564 289 1613; x_wconf 87' lang='lat' dir='ltr'>lux</span> <span class='ocrx_word' id='word_1_122' title='bbox 305 1562 357 1622; x_wconf 82' lang='lat' dir='ltr'>est,</span> <span class='ocrx_word' id='word_1_123' title='bbox 376 1581 429 1630; x_wconf 80' lang='lat' dir='ltr'>quae</span> <span class='ocrx_word' id='word_1_124' title='bbox 446 1565 467 1614; x_wconf 89' lang='lat' dir='ltr'>si</span> <span class='ocrx_word' id='word_1_125' title='bbox 484 1582 534 1615; x_wconf 89' lang='lat' dir='ltr'>non</span> <span class='ocrx_word' id='word_1_126' title='bbox 549 1577 604 1616; x_wconf 79' lang='lat' dir='ltr'>orta</span> <span class='ocrx_word' id='word_1_127' title='bbox 619 1563 721 1625; x_wconf 67' lang='lat' dir='ltr'>istisin,</span> 
     </span>
     <span class='ocr_line' id='line_1_19' title="bbox 118 1636 626 1689; baseline 0.008 -5"><span class='ocrx_word' id='word_1_128' title='bbox 118 1637 191 1685; x_wconf 87' lang='lat' dir='ltr'>Nulla</span> <span class='ocrx_word' id='word_1_129' title='bbox 207 1637 253 1686; x_wconf 91' lang='lat' dir='ltr'>suit</span> <span class='ocrx_word' id='word_1_130' title='bbox 269 1636 354 1687; x_wconf 88' lang='lat' dir='ltr'>misero</span> <span class='ocrx_word' id='word_1_131' title='bbox 372 1636 429 1687; x_wconf 85' lang='lat' dir='ltr'>sesla</span> <span class='ocrx_word' id='word_1_132' title='bbox 440 1639 544 1688; x_wconf 83' lang='lat' dir='ltr'>videnda</span> <span class='ocrx_word' id='word_1_133' title='bbox 558 1638 626 1689; x_wconf 86' lang='lat' dir='ltr'>milri.</span> 
     </span>
    </p>

    <p class='ocr_par' dir='ltr' id='par_1_11' title="bbox 79 1707 633 1852">
     <span class='ocr_line' id='line_1_20' title="bbox 79 1707 633 1778; baseline 0.009 -21"><span class='ocrx_word' id='word_1_134' title='bbox 79 1707 162 1758; x_wconf 85' lang='lat' dir='ltr'>Edidit</span> <span class='ocrx_word' id='word_1_135' title='bbox 178 1709 231 1758; x_wconf 73' lang='lat' dir='ltr'>haec</span> <span class='ocrx_word' id='word_1_136' title='bbox 248 1726 328 1760; x_wconf 86' lang='lat' dir='ltr'>mores</span> <span class='ocrx_word' id='word_1_137' title='bbox 343 1710 389 1760; x_wconf 90' lang='lat' dir='ltr'>illis</span> <span class='ocrx_word' id='word_1_138' title='bbox 404 1711 514 1762; x_wconf 80' lang='lat' dir='ltr'>heroisin</span> <span class='ocrx_word' id='word_1_139' title='bbox 529 1727 633 1778; x_wconf 78' lang='lat' dir='ltr'>aequos,</span> 
     </span>
     <span class='ocr_line' id='line_1_21' title="bbox 118 1780 605 1852; baseline 0.008 -21"><span class='ocrx_word' id='word_1_140' title='bbox 118 1780 181 1845; x_wconf 86' lang='lat' dir='ltr'>Quis</span> <span class='ocrx_word' id='word_1_141' title='bbox 198 1795 250 1832; x_wconf 86' lang='lat' dir='ltr'>erat</span> <span class='ocrx_word' id='word_1_142' title='bbox 263 1783 351 1833; x_wconf 72' lang='lat' dir='ltr'>Eetion</span> <span class='ocrx_word' id='word_1_143' title='bbox 368 1783 508 1852; x_wconf 84' lang='lat' dir='ltr'>Icariusque</span> <span class='ocrx_word' id='word_1_144' title='bbox 524 1797 605 1851; x_wconf 86' lang='lat' dir='ltr'>pater.</span> 
     </span>
    </p>

    <p class='ocr_par' dir='ltr' id='par_1_12' title="bbox 78 1852 833 1998">
     <span class='ocr_line' id='line_1_22' title="bbox 78 1852 833 1925; baseline 0.003 -20"><span class='ocrx_word' id='word_1_145' title='bbox 78 1852 141 1905; x_wconf 86' lang='lat' dir='ltr'>Na&#39;ta</span> <span class='ocrx_word' id='word_1_146' title='bbox 153 1856 266 1923; x_wconf 81' lang='lat' dir='ltr'>pudicitia</span> <span class='ocrx_word' id='word_1_147' title='bbox 277 1857 327 1915; x_wconf 86' lang='lat' dir='ltr'>est,</span> <span class='ocrx_word' id='word_1_148' title='bbox 341 1874 421 1908; x_wconf 86' lang='lat' dir='ltr'>mores</span> <span class='ocrx_word' id='word_1_149' title='bbox 433 1891 441 1917; x_wconf 88' lang='lat'>,</span> <span class='ocrx_word' id='word_1_150' title='bbox 453 1860 609 1925; x_wconf 83' lang='lat' dir='ltr'>probitasque</span> <span class='ocrx_word' id='word_1_151' title='bbox 621 1890 630 1917; x_wconf 86' lang='lat'><strong>,</strong></span> <span class='ocrx_word' id='word_1_152' title='bbox 645 1856 774 1925; x_wconf 80' lang='lat' dir='ltr'>fidesque:</span> <span class='ocrx_word' id='word_1_153' title='bbox 799 1871 833 1920; x_wconf 86' lang='lat'>45</span> 
     </span>
     <span class='ocr_line' id='line_1_23' title="bbox 114 1930 580 1998; baseline 0.009 -20"><span class='ocrx_word' id='word_1_154' title='bbox 114 1931 149 1979; x_wconf 85' lang='lat' dir='ltr'>At</span> <span class='ocrx_word' id='word_1_155' title='bbox 164 1946 214 1979; x_wconf 93' lang='lat' dir='ltr'>non</span> <span class='ocrx_word' id='word_1_156' title='bbox 228 1930 282 1980; x_wconf 89' lang='lat' dir='ltr'>sunt</span> <span class='ocrx_word' id='word_1_157' title='bbox 298 1930 339 1980; x_wconf 72' lang='lat' dir='ltr'>ista</span> <span class='ocrx_word' id='word_1_158' title='bbox 356 1932 439 1998; x_wconf 82' lang='lat' dir='ltr'>gaudia</span> <span class='ocrx_word' id='word_1_159' title='bbox 457 1944 512 1982; x_wconf 82' lang='lat' dir='ltr'>nata</span> <span class='ocrx_word' id='word_1_160' title='bbox 529 1933 580 1983; x_wconf 85' lang='lat' dir='ltr'>die.</span> 
     </span>
    </p>

    <p class='ocr_par' dir='ltr' id='par_1_13' title="bbox 78 2001 768 2145">
     <span class='ocr_line' id='line_1_24' title="bbox 78 2001 768 2072; baseline 0.009 -22"><span class='ocrx_word' id='word_1_161' title='bbox 78 2001 127 2051; x_wconf 89' lang='lat' dir='ltr'>Sed</span> <span class='ocrx_word' id='word_1_162' title='bbox 143 2003 232 2060; x_wconf 88' lang='lat' dir='ltr'>labor,</span> <span class='ocrx_word' id='word_1_163' title='bbox 249 2003 274 2053; x_wconf 78' lang='grc' dir='ltr'>δι</span> <span class='ocrx_word' id='word_1_164' title='bbox 290 2020 374 2063; x_wconf 78' lang='lat' dir='ltr'>curae,</span> <span class='ocrx_word' id='word_1_165' title='bbox 390 2005 536 2072; x_wconf 78' lang='lat' dir='ltr'>fortunaque</span> <span class='ocrx_word' id='word_1_166' title='bbox 548 2006 656 2055; x_wconf 86' lang='lat' dir='ltr'>moribus</span> <span class='ocrx_word' id='word_1_167' title='bbox 670 2004 747 2071; x_wconf 82' lang='lat' dir='ltr'>impar</span> <span class='ocrx_word' id='word_1_168' title='bbox 760 2021 768 2056; x_wconf 70' lang='grc' dir='ltr'><strong>ε</strong></span> 
     </span>
     <span class='ocr_line' id='line_1_25' title="bbox 113 2074 642 2145; baseline -0.002 -18"><span class='ocrx_word' id='word_1_169' title='bbox 113 2074 227 2143; x_wconf 70' lang='lat' dir='ltr'>iustaque</span> <span class='ocrx_word' id='word_1_170' title='bbox 241 2076 271 2126; x_wconf 90' lang='lat' dir='ltr'>de</span> <span class='ocrx_word' id='word_1_171' title='bbox 287 2076 362 2127; x_wconf 83' lang='lat' dir='ltr'>viduo</span> <span class='ocrx_word' id='word_1_172' title='bbox 379 2094 446 2140; x_wconf 80' lang='lat' dir='ltr'>paene</span> <span class='ocrx_word' id='word_1_173' title='bbox 460 2080 559 2145; x_wconf 89' lang='lat' dir='ltr'>querela</span> <span class='ocrx_word' id='word_1_174' title='bbox 576 2091 642 2127; x_wconf 88' lang='lat' dir='ltr'>toro.</span> 
     </span>
    </p>

    <p class='ocr_par' dir='ltr' id='par_1_14' title="bbox 77 2146 835 2290">
     <span class='ocr_line' id='line_1_26' title="bbox 77 2146 634 2215; baseline 0.011 -20"><span class='ocrx_word' id='word_1_175' title='bbox 77 2146 180 2199; x_wconf 86' lang='lat' dir='ltr'>Scilicet</span> <span class='ocrx_word' id='word_1_176' title='bbox 194 2149 300 2199; x_wconf 84' lang='lat' dir='ltr'>adversis</span> <span class='ocrx_word' id='word_1_177' title='bbox 316 2151 425 2215; x_wconf 84' lang='lat' dir='ltr'>probitas</span> <span class='ocrx_word' id='word_1_178' title='bbox 440 2153 548 2201; x_wconf 83' lang='lat' dir='ltr'>exercita</span> <span class='ocrx_word' id='word_1_179' title='bbox 563 2153 634 2201; x_wconf 83' lang='lat' dir='ltr'>rebus</span> 
     </span>
     <span class='ocr_line' id='line_1_27' title="bbox 112 2220 835 2290; baseline 0.007 -21"><span class='ocrx_word' id='word_1_180' title='bbox 112 2220 186 2271; x_wconf 83' lang='lat' dir='ltr'>Tristi</span> <span class='ocrx_word' id='word_1_181' title='bbox 199 2225 321 2272; x_wconf 87' lang='lat' dir='ltr'>materiam</span> <span class='ocrx_word' id='word_1_182' title='bbox 336 2236 447 2287; x_wconf 89' lang='lat' dir='ltr'>tempore</span> <span class='ocrx_word' id='word_1_183' title='bbox 464 2225 540 2273; x_wconf 83' lang='lat' dir='ltr'>laudis</span> <span class='ocrx_word' id='word_1_184' title='bbox 555 2225 639 2273; x_wconf 80' lang='lat' dir='ltr'>habet.</span> <span class='ocrx_word' id='word_1_185' title='bbox 801 2239 835 2290; x_wconf 84' lang='lat'>50</span> 
     </span>
    </p>

    <p class='ocr_par' dir='ltr' id='par_1_15' title="bbox 76 2290 664 2434">
     <span class='ocr_line' id='line_1_28' title="bbox 76 2290 606 2364; baseline 0.006 -22"><span class='ocrx_word' id='word_1_186' title='bbox 76 2290 103 2342; x_wconf 84' lang='lat' dir='ltr'>Si</span> <span class='ocrx_word' id='word_1_187' title='bbox 119 2294 177 2344; x_wconf 88' lang='lat' dir='ltr'>nihil</span> <span class='ocrx_word' id='word_1_188' title='bbox 192 2294 269 2345; x_wconf 78' lang='lat' dir='ltr'>infesti</span> <span class='ocrx_word' id='word_1_189' title='bbox 288 2294 360 2345; x_wconf 81' lang='lat' dir='ltr'>durus</span> <span class='ocrx_word' id='word_1_190' title='bbox 377 2296 472 2346; x_wconf 77' lang='lat' dir='ltr'>uidisset</span> <span class='ocrx_word' id='word_1_191' title='bbox 489 2296 606 2364; x_wconf 80' lang='lat' dir='ltr'>Ulyffes‚</span> 
     </span>
     <span class='ocr_line' id='line_1_29' title="bbox 113 2362 664 2434; baseline 0 -17"><span class='ocrx_word' id='word_1_192' title='bbox 113 2366 237 2434; x_wconf 83' lang='lat' dir='ltr'>Penelope</span> <span class='ocrx_word' id='word_1_193' title='bbox 255 2368 331 2427; x_wconf 71' lang='lat' dir='ltr'>senx,</span> <span class='ocrx_word' id='word_1_194' title='bbox 351 2369 392 2419; x_wconf 89' lang='lat' dir='ltr'>sed</span> <span class='ocrx_word' id='word_1_195' title='bbox 409 2370 461 2418; x_wconf 83' lang='lat' dir='ltr'>sine</span> <span class='ocrx_word' id='word_1_196' title='bbox 478 2362 664 2429; x_wconf 59' lang='lat' dir='ltr'>laudQsoret.</span> 
     </span>
    </p>

    <p class='ocr_par' dir='ltr' id='par_1_16' title="bbox 76 2439 706 2567">
     <span class='ocr_line' id='line_1_30' title="bbox 76 2439 706 2507; baseline 0.003 -15"><span class='ocrx_word' id='word_1_197' title='bbox 76 2439 164 2493; x_wconf 75' lang='lat' dir='ltr'>Vislor</span> <span class='ocrx_word' id='word_1_198' title='bbox 181 2440 310 2491; x_wconf 82' lang='lat' dir='ltr'>Echionias</span> <span class='ocrx_word' id='word_1_199' title='bbox 325 2440 346 2491; x_wconf 87' lang='lat' dir='ltr'>si</span> <span class='ocrx_word' id='word_1_200' title='bbox 361 2442 399 2492; x_wconf 79' lang='lat' dir='ltr'>vir</span> <span class='ocrx_word' id='word_1_201' title='bbox 414 2442 560 2507; x_wconf 79' lang='lat' dir='ltr'>penetrasset</span> <span class='ocrx_word' id='word_1_202' title='bbox 575 2444 600 2492; x_wconf 87' lang='lat' dir='ltr'>in</span> <span class='ocrx_word' id='word_1_203' title='bbox 616 2458 706 2503; x_wconf 79' lang='lat' dir='ltr'>arces,</span> 
     </span>
     <span class='ocr_line' id='line_1_31' title="bbox 112 2513 673 2567; baseline 0.002 -3"><span class='ocrx_word' id='word_1_204' title='bbox 112 2513 225 2564; x_wconf 79' lang='lat' dir='ltr'>Forsitan</span> <span class='ocrx_word' id='word_1_205' title='bbox 242 2514 357 2565; x_wconf 83' lang='lat' dir='ltr'>Evadnen</span> <span class='ocrx_word' id='word_1_206' title='bbox 373 2516 416 2565; x_wconf 86' lang='lat' dir='ltr'>vix</span> <span class='ocrx_word' id='word_1_207' title='bbox 432 2516 472 2565; x_wconf 85' lang='lat' dir='ltr'>sua</span> <span class='ocrx_word' id='word_1_208' title='bbox 486 2515 563 2567; x_wconf 88' lang='lat' dir='ltr'>nosset</span> <span class='ocrx_word' id='word_1_209' title='bbox 577 2517 673 2566; x_wconf 86' lang='lat' dir='ltr'>humus.</span> 
     </span>
    </p>

    <p class='ocr_par' dir='ltr' id='par_1_17' title="bbox 77 2586 832 2729">
     <span class='ocr_line' id='line_1_32' title="bbox 77 2586 832 2657; baseline 0.005 -22"><span class='ocrx_word' id='word_1_210' title='bbox 77 2586 140 2636; x_wconf 85' lang='lat' dir='ltr'>Cum</span> <span class='ocrx_word' id='word_1_211' title='bbox 157 2586 223 2638; x_wconf 75' lang='lat' dir='ltr'>Pelii</span> <span class='ocrx_word' id='word_1_212' title='bbox 238 2598 278 2639; x_wconf 91' lang='lat' dir='ltr'>tot</span> <span class='ocrx_word' id='word_1_213' title='bbox 292 2588 341 2639; x_wconf 87' lang='lat' dir='ltr'>sint</span> <span class='ocrx_word' id='word_1_214' title='bbox 354 2589 463 2657; x_wconf 72' lang='lat' dir='ltr'>genita,</span> <span class='ocrx_word' id='word_1_215' title='bbox 483 2605 528 2639; x_wconf 82' lang='lat' dir='ltr'>eur</span> <span class='ocrx_word' id='word_1_216' title='bbox 542 2590 635 2641; x_wconf 86' lang='lat' dir='ltr'>nobilis</span> <span class='ocrx_word' id='word_1_217' title='bbox 648 2606 695 2640; x_wconf 92' lang='lat' dir='ltr'>una</span> <span class='ocrx_word' id='word_1_218' title='bbox 710 2586 767 2641; x_wconf 77' lang='lat' dir='ltr'>ent</span> <span class='ocrx_word' id='word_1_219' title='bbox 800 2604 832 2654; x_wconf 80' lang='lat'>55</span> 
     </span>
     <span class='ocr_line' id='line_1_33' title="bbox 111 2660 688 2729; baseline 0.009 -20"><span class='ocrx_word' id='word_1_220' title='bbox 111 2660 194 2727; x_wconf 79' lang='lat' dir='ltr'>Nupta</span> <span class='ocrx_word' id='word_1_221' title='bbox 209 2660 256 2711; x_wconf 85' lang='lat' dir='ltr'>suit</span> <span class='ocrx_word' id='word_1_222' title='bbox 271 2662 359 2713; x_wconf 89' lang='lat' dir='ltr'>misero</span> <span class='ocrx_word' id='word_1_223' title='bbox 374 2678 461 2728; x_wconf 87' lang='lat' dir='ltr'>nempe</span> <span class='ocrx_word' id='word_1_224' title='bbox 477 2662 544 2729; x_wconf 88' lang='lat' dir='ltr'>quod</span> <span class='ocrx_word' id='word_1_225' title='bbox 560 2679 607 2713; x_wconf 85' lang='lat' dir='ltr'>una</span> <span class='ocrx_word' id='word_1_226' title='bbox 623 2664 688 2714; x_wconf 87' lang='lat' dir='ltr'>viro.</span> 
     </span>
    </p>

    <p class='ocr_par' dir='ltr' id='par_1_18' title="bbox 74 2730 695 2873">
     <span class='ocr_line' id='line_1_34' title="bbox 74 2730 695 2803; baseline 0.006 -22"><span class='ocrx_word' id='word_1_227' title='bbox 74 2730 167 2793; x_wconf 84' lang='lat' dir='ltr'>Effice,</span> <span class='ocrx_word' id='word_1_228' title='bbox 186 2745 213 2783; x_wconf 89' lang='lat' dir='ltr'>ut</span> <span class='ocrx_word' id='word_1_229' title='bbox 226 2734 312 2785; x_wconf 82' lang='lat' dir='ltr'>Iliacas</span> <span class='ocrx_word' id='word_1_230' title='bbox 328 2748 411 2803; x_wconf 84' lang='lat' dir='ltr'>tangat</span> <span class='ocrx_word' id='word_1_231' title='bbox 427 2736 493 2802; x_wconf 89' lang='lat' dir='ltr'>prior</span> <span class='ocrx_word' id='word_1_232' title='bbox 508 2737 571 2786; x_wconf 87' lang='lat' dir='ltr'>alter</span> <span class='ocrx_word' id='word_1_233' title='bbox 587 2752 695 2794; x_wconf 84' lang='lat' dir='ltr'>arenas;</span> 
     </span>
     <span class='ocr_line' id='line_1_35' title="bbox 93 2806 647 2873; baseline 0.005 -19"><span class='ocrx_word' id='word_1_234' title='bbox 93 2806 257 2866; x_wconf 58' lang='lat' dir='ltr'>laodamia,</span> <span class='ocrx_word' id='word_1_235' title='bbox 277 2808 334 2873; x_wconf 82' lang='lat' dir='ltr'>nibil</span> <span class='ocrx_word' id='word_1_236' title='bbox 349 2841 356 2866; x_wconf 90' lang='lat'>‚</span> <span class='ocrx_word' id='word_1_237' title='bbox 371 2824 414 2858; x_wconf 85' lang='lat' dir='ltr'>cur</span> <span class='ocrx_word' id='word_1_238' title='bbox 429 2808 571 2867; x_wconf 87' lang='lat' dir='ltr'>referatur,</span> <span class='ocrx_word' id='word_1_239' title='bbox 589 2810 647 2858; x_wconf 88' lang='lat' dir='ltr'>erit.</span> 
     </span>
    </p>

    <p class='ocr_par' dir='ltr' id='par_1_19' title="bbox 75 2877 824 3024">
     <span class='ocr_line' id='line_1_36' title="bbox 75 2877 734 2949; baseline 0 -18"><span class='ocrx_word' id='word_1_240' title='bbox 75 2877 106 2931; x_wconf 77' lang='lat' dir='ltr'>Et</span> <span class='ocrx_word' id='word_1_241' title='bbox 118 2892 179 2937; x_wconf 85' lang='lat' dir='ltr'>rua,</span> <span class='ocrx_word' id='word_1_242' title='bbox 198 2882 262 2946; x_wconf 86' lang='lat' dir='ltr'>quod</span> <span class='ocrx_word' id='word_1_243' title='bbox 277 2882 394 2940; x_wconf 87' lang='lat' dir='ltr'>mallem,</span> <span class='ocrx_word' id='word_1_244' title='bbox 411 2883 487 2945; x_wconf 88' lang='lat' dir='ltr'>pietas</span> <span class='ocrx_word' id='word_1_245' title='bbox 502 2881 586 2949; x_wconf 84' lang='lat' dir='ltr'>ignota</span> <span class='ocrx_word' id='word_1_246' title='bbox 602 2892 734 2941; x_wconf 67' lang='lat' dir='ltr'>maneret,</span> 
     </span>
     <span class='ocr_line' id='line_1_37' title="bbox 108 2952 824 3024; baseline -0.001 -17"><span class='ocrx_word' id='word_1_247' title='bbox 108 2952 248 3024; x_wconf 79' lang='lat' dir='ltr'>lmplollent</span> <span class='ocrx_word' id='word_1_248' title='bbox 260 2956 330 3009; x_wconf 77' lang='lat' dir='ltr'>venti</span> <span class='ocrx_word' id='word_1_249' title='bbox 345 2956 368 3011; x_wconf 81' lang='lat' dir='ltr'>si</span> <span class='ocrx_word' id='word_1_250' title='bbox 381 2970 434 3008; x_wconf 82' lang='lat' dir='ltr'>mer</span> <span class='ocrx_word' id='word_1_251' title='bbox 447 2956 502 3009; x_wconf 82' lang='lat' dir='ltr'>sela</span> <span class='ocrx_word' id='word_1_252' title='bbox 516 2955 563 3010; x_wconf 75' lang='lat' dir='ltr'>sui.</span> <span class='ocrx_word' id='word_1_253' title='bbox 788 2952 824 3006; x_wconf 78' lang='lat'>60</span> 
     </span>
    </p>
   </div>
   <div class='ocr_carea' id='block_1_3' title="bbox 0 0 992 3700">
    <p class='ocr_par' dir='ltr' id='par_1_20' title="bbox 0 0 992 3700">
     <span class='ocr_line' id='line_1_38' title="bbox 0 0 992 3700; baseline 0 2"><span class='ocrx_word' id='word_1_254' title='bbox 0 0 992 3700; x_wconf 95' lang='lat' dir='ltr'> </span> 
     </span>
    </p>
   </div>
  </div>
 </body>
</html>
