1975 3700
216 268 290 341 144
339 249 379 317 P.
407 248 600 319 OV1D11
625 219 862 319 Nasonis

212 368 294 433 Quem
306 380 353 426 tu,
369 368 434 419 Diva
445 384 557 424 memor,
576 367 608 416 de
620 382 683 431 pane
694 366 823 418 monilibus
836 386 914 420 ornas
928 384 935 420 :

178 508 179 511 Ἴ
248 440 329 493 Cessat
344 458 406 507 opus
423 457 431 491 .·
449 457 534 493 vacuae
549 440 693 489 conticuere
707 441 791 490 molae.

212 515 336 573 Nomine,
354 519 425 583 quini
437 515 519 580 pretio
534 513 700 571 celebratior,
717 529 774 564 arce
786 514 931 574 Tonantis,

152 605 202 655 350
251 588 339 639 Dicam
355 587 450 641 Pistoris
468 587 524 655 quid
541 586 603 635 velit
617 602 659 652 {H
671 585 750 638 lovis.

208 661 295 711 Cinsla
309 662 480 727 premebantur
496 650 743 723 trucibus‘Capitolia
758 658 865 711 Gallis:

247 734 349 783 Fecerat
367 735 461 785 obsidio
477 732 525 799 jam
541 732 654 781 diuturna
670 732 767 781 famem.

212 807 341 874 Juppiter,
359 808 390 857 ad
406 807 490 857 solium
501 804 601 870 Superis
618 806 701 871 regale
717 806 835 865 vocatis,

246 878 348 947 incipe,
366 881 399 930 ait
413 881 499 931 Marti.
516 877 632 929 Protinus
650 877 691 927 ille
706 878 804 936 resert3

149 970 161 1020 3
168 972 179 1019 5
187 970 198 1019 5
212 954 312 1005 Scilicet
327 954 436 1021 ignotum
452 952 505 1010 esi,
525 968 579 1017 quae
594 950 628 1001 sit
642 951 741 1001 fortuna
755 951 892 1003 meorum?

246 1027 278 1077 Et
294 1028 364 1078 dolor
381 1026 420 1077 hic
436 1026 507 1077 animi
522 1041 587 1075 voce
602 1024 727 1090 querentis
744 1023 826 1091 egeri

210 1100 235 1153 Si
250 1113 350 1159 tamen,
366 1111 393 1149 ut
406 1100 509 1149 reseram
523 1098 633 1147 breviter
646 1098 709 1147 mala
723 1096 804 1160 junsla
818 1098 928 1163 pudori,

77 1242 79 1245 Ι
245 1174 328 1242 Exigis
343 1190 350 1223 ε
365 1172 454 1238 Alpino
471 1172 550 1223 Roma
567 1171 609 1220 sub
624 1170 693 1220 holle
708 1168 784 1236 jacet.
924 1226 930 1233 .

162 1302 165 1309 ,
208 1246 268 1297 Haec
285 1247 337 1306 esi,
359 1248 398 1297 cui
414 1246 494 1295 suerat
506 1242 619 1311 promissa
632 1244 743 1310 potentia
759 1242 870 1293 rerum?

147 1327 197 1387 360
244 1319 375 1385 luppiter,
394 1320 456 1369 hanc
472 1317 545 1369 terris
563 1316 719 1383 impositurus
735 1315 812 1366 erasi
838 1330 843 1337 ·

206 1391 307 1459 Jamque
321 1393 475 1443 Suburbanus
485 1424 494 1449 ,
506 1390 676 1455 Hetrustaque
690 1390 802 1439 contudit
816 1406 909 1443 armat

242 1466 303 1531 Spes
316 1477 368 1514 erut
383 1466 409 1515 in
423 1465 493 1517 cursu
506 1480 515 1515 t
530 1465 594 1513 nun'c
611 1463 674 1514 Lare
687 1463 755 1530 pulsa
771 1462 815 1513 suo
830 1464 883 1517 est.

205 1538 317 1590 Vidimus
330 1550 450 1596 ornatos,
469 1549 544 1589 erata
559 1552 604 1602 per
619 1537 703 1593 atria,
717 1534 781 1601 pisti

240 1611 332 1671 Veste,
349 1611 506 1677 triumphales
521 1608 658 1661 occubuisse
674 1610 754 1659 senes.

145 1686 194 1752 365
207 1684 319 1737 Vidimus
337 1684 415 1735 lliace
430 1683 556 1735 transferri
571 1683 673 1749 pignora
689 1682 772 1734 Veste
798 1734 803 1747 ⁶

242 1759 305 1809 Sede
322 1770 430 1825 :putant
447 1756 541 1823 aliquos
558 1756 650 1806 scilicet
667 1754 714 1806 else
729 1752 827 1805 Deos?

205 1830 240 1882 At
257 1834 277 1883 si
292 1832 458 1900 respicerent,
477 1829 526 1898 qui
538 1846 583 1881 vos
598 1829 711 1880 hahitatis
726 1829 751 1879 in
766 1844 847 1890 arce,

241 1905 341 1972 Totque
356 1908 442 1956 domos
458 1905 549 1956 vestras
564 1904 691 1954 obsidione
706 1902 783 1968 premi
798 1918 808 1958 ς

204 1979 246 2028 Nil
263 1979 316 2045 opis
333 1978 357 2028 in
375 1996 430 2029 cura
446 1977 535 2028 scirent
550 1975 670 2043 superesse
683 1976 818 2033 Deorum,

144 2068 196 2118 370
244 2052 276 2100 Et
292 2053 348 2101 data
364 2050 458 2102 soliciti
473 2063 527 2102 tura
541 2051 621 2116 perire
634 2064 717 2100 manu.

204 2125 286 2190 Atque
297 2125 387 2174 utinam
401 2139 487 2191 pugnae
498 2135 582 2190 pateat
596 2125 666 2174 locus
679 2121 686 2172 !
700 2137 765 2172 arum
776 2120 927 2186 capessant3

241 2197 291 2256 Er,
309 2199 391 2249 sinon
405 2209 523 2263 poterunt
539 2197 703 2262 exsuperare,
723 2195 836 2244 cadam.»

204 2273 276 2322 Nunc
292 2271 377 2338 inopes
394 2261 488 2329 visiil's,
504 2271 641 2337 ignavaque
653 2270 704 2320 seta
719 2268 835 2318 timentes
846 2301 858 2325 ,

239 2345 328 2396 Monte
345 2345 388 2395 suo
405 2344 499 2394 clausos
515 2344 615 2393 barbara
631 2343 703 2393 turba
716 2340 815 2407 premit.

142 2433 175 2486 37
180 2435 193 2484 5
206 2419 270 2468 Tum
281 2418 383 2477 Venus,
396 2417 423 2470 dt
432 2417 493 2468 lituo
503 2416 606 2482 pulcher
614 2414 748 2482 nauesque
758 2411 905 2477 Quirinus,

239 2490 362 2558 Vestaque
378 2507 424 2557 pro
438 2489 510 2540 Latio
524 2491 599 2540 multa
616 2490 700 2540 locuta
716 2487 769 2538 suo.

203 2563 320 2623 Publica,
337 2563 477 2629 respondit,
496 2579 554 2613 cura
571 2561 605 2612 est
618 2578 663 2629 pro
678 2558 885 2616 mentumis,

240 2636 372 2702 Iuppiter:
389 2639 413 2688 δι
429 2653 513 2703 poenas
531 2635 613 2686 Gallia
627 2634 691 2686 viiia
705 2635 781 2684 dabit.

202 2711 243 2761 Tu
253 2707 326 2760 modi>
337 2743 344 2770 ,
361 2726 413 2777 quae
424 2710 510 2760 desunt
519 2709 601 2778 fruges
612 2740 621 2768 ,
631 2706 749 2773 superesse
759 2717 903 2772 putentur,

143 2785 195 2850 380
243 2781 318 2834 Effice
332 2798 340 2833 t
352 2799 397 2833 nec
414 2783 483 2832 sedes
496 2782 600 2840 desere,
619 2780 711 2838 Vesta,
727 2792 790 2830 tuas.

157 2857 337 2924 Quodcumque
348 2855 381 2906 eli
393 2855 491 2906 Cereris
503 2855 602 2912 solidae,
615 2871 675 2904 cava
683 2853 794 2904 machina
804 2852 923 2918 stangan

238 2930 408 2998 Mollitamque
422 2945 493 2982 manu
508 2929 581 2980 duret
593 2928 620 2978 in
635 2927 692 2997 igne
704 2927 787 2980 iocus.

794 2995 906 3050 Iusserat
917 3014 925 3047 t
