1975 3700
178 229 819 328 Frsronvntrn.1n.‘83

96 351 141 403 An
161 351 238 417 quia,
257 347 311 398 culm
326 347 397 414 prisci
414 348 525 398 colerent
538 346 667 398 studiosius
683 366 754 417 agros
767 383 774 408 ,

139 425 175 473 Et
189 422 379 489 parrio'saceret
393 437 449 471 rure
466 422 571 471 Senator
585 437 665 487 opus,
831 425 885 490 780

99 498 137 549 Et
156 494 351 564 caperetfastes
367 512 381 544 a
397 511 472 545 curvo
489 495 571 544 consul
587 508 687 555 aratro,

141 573 200 620 Nec
217 571 309 620 crimen
325 569 395 619 duras
412 567 470 619 esset
484 569 573 618 habere
588 585 693 628 manusc

101 644 222 696 Rusticus
235 645 265 693 ad
281 642 352 693 ludos
367 645 471 708 populus
487 644 603 693 veniebat
619 645 643 693 in
659 641 775 695 Urbem?

144 719 196 768 Sed
210 716 275 776 Dis,
295 733 346 766 non
361 715 440 766 studiis
454 718 497 766 ille
515 718 614 766 dabatur
630 718 720 770 honos.

102 792 175 843 Luce
193 792 233 841 sui
249 792 319 846 ludos
334 807 388 840 uvae
404 803 556 840 commentor
569 792 691 850 babebat,
830 791 883 858 785

146 865 220 929 Quos
234 881 288 914 cum
304 863 414 914 tediserl
429 881 500 929 nunc,
510 865 584 914 habet
598 863 648 930 ipse
663 863 730 915 Dea.

105 939 198 1008 Ergo,
215 951 243 988 ut
257 939 364 988 tironum
380 937 507 987 celebrate
522 936 658 1003 frequentia
674 938 770 1005 possit,

145 1013 206 1062 Visa
222 1013 274 1061 dies
288 1011 372 1060 dandae
387 1027 436 1060 non
450 1010 528 1060 aliena
542 1023 618 1078 togae.
688 1028 693 1037 ²

106 1087 176 1139 Mite
188 1119 196 1144 ‚
209 1084 281 1136 Pater
292 1117 300 1143 ‚
313 1095 386 1151 caput
395 1084 442 1134 huc
453 1117 460 1144 ,
472 1085 616 1151 placataque
627 1100 735 1144 cornua,
746 1097 828 1137 vertas
839 1105 848 1144 ς

146 1159 180 1208 Et
195 1161 238 1210 des
253 1159 352 1226 ingenio
368 1158 423 1207 vela
437 1157 542 1208 secunda
557 1174 623 1208 meo.
832 1175 885 1226 790

106 1234 162 1286 Itur
176 1233 209 1282 ad
223 1234 339 1300 Argeos,
356 1228 420 1298 (qui
433 1232 500 1289 sint,
518 1231 558 1280 sut
571 1232 656 1299 pagina
671 1232 758 1301 dicet)

146 1307 221 1366 Hac,
241 1307 262 1356 si
279 1305 449 1361 commemini,
466 1305 636 1372 praeteritique
654 1307 705 1358 die.

109 1382 190 1432 Stella
203 1379 350 1448 Lycaoniam
366 1380 444 1446 vergit
460 1378 576 1444 proclinis
591 1379 621 1428 ad
636 1379 729 1430 Arcton

77 1467 81 1472 ·
148 1453 242 1503 Miluus
254 1469 262 1504 t
273 1454 327 1502 haec
343 1452 385 1502 illa
402 1451 472 1502 nosle
488 1453 592 1502 videnda
609 1455 686 1503 venit.

111 1527 181 1594 Quid
191 1527 289 1577 dederit
299 1524 412 1584 volucri,
429 1525 449 1576 si
459 1525 496 1576 vis
510 1525 658 1593 cognoscere
670 1561 678 1586 ‚
696 1528 804 1586 coelum3
833 1540 885 1591 795

149 1602 267 1651 Saturnus
279 1600 361 1668 regnis
376 1601 406 1650 ab
420 1599 483 1651 Jove
498 1601 579 1664 pulsu&
594 1611 655 1649 erat.

112 1676 233 1727 Concitet
249 1674 322 1724 iratus
338 1673 432 1723 ratitos
447 1671 548 1722 Titanis
564 1673 689 1732 inerma,

151 1749 264 1814 Quaeque
279 1747 326 1796 suit
340 1746 394 1796 satis
411 1746 511 1803 debita,
531 1745 609 1810 'poscit
624 1761 707 1812 opem.

112 1823 198 1875 Matre
213 1821 277 1872 satus
290 1819 388 1877 Tetri,
407 1819 537 1869 monstrum
551 1819 679 1879 mirabile,
696 1831 778 1871 taurus

151 1896 223 1947 Parte
240 1895 274 1946 sui
289 1896 386 1961 serpens
401 1894 535 1961 posteriore
552 1894 607 1944 suit.
839 1893 891 1946 800

112 1970 189 2023 Hunc
205 1969 295 2035 triplici
311 1986 380 2019 muro
393 1968 456 2018 lucis
472 1967 600 2019 incluserat
615 1968 693 2028 utils,

154 2043 283 2093 Parcarum
297 2044 409 2101 monitu,
427 2043 490 2110 Styx
505 2042 615 2092 violenta
627 2077 634 2100 ,
648 2042 732 2093 trium.

114 2116 220 2174 Viscera
235 2117 276 2183 qui
292 2117 355 2165 tauri
369 2116 470 2165 flammis
483 2116 602 2165 adolenda
618 2114 737 2174 dedisset,

154 2184 213 2239 sors
229 2203 303 2247 eret,
320 2202 426 2239 tetanos
440 2189 540 2240 vincere
556 2188 622 2254 posse
638 2188 719 2239 Deos.

115 2263 308 2333 immolit'hunc
321 2262 435 2313 Briareus
451 2262 514 2312 saell
528 2279 559 2313 ex
572 2262 698 2311 adamante
713 2261 816 2314 securit'
839 2262 891 2326 805

156 2338 188 2387 Et
201 2336 248 2401 jam
262 2336 311 2403 jam
326 2335 426 2386 flammis
440 2348 496 2385 exta
511 2336 610 2386 daturus
625 2348 686 2385 erat.

118 2410 233 2477 Iuppiter
249 2410 344 2459 alitibus
360 2426 445 2475 rapere
460 2410 563 2477 imperat
575 2424 584 2459 t
594 2410 675 2460 attulil
688 2409 724 2459 illl

157 2484 270 2535 Miluus:
283 2484 309 2534 δι
324 2484 414 2535 meritis
431 2484 538 2533 venitin
555 2483 612 2533 astra
629 2482 687 2533 suis.

120 2558 208 2611 UNA
224 2558 276 2608 dies
291 2558 368 2607 media
384 2558 436 2617 esi,
454 2558 480 2607 u
494 2556 556 2607 fiunt
569 2558 633 2608 sacta
649 2558 790 2614 Minervaet

158 2632 313 2697 Nominaque
328 2649 341 2681 a
357 2630 442 2697 junsiis
460 2631 566 2697 quinque
583 2630 667 2681 diebus
684 2633 782 2680 babent.
846 2627 899 2679 810

123 2706 246 2772 Sanguine
261 2706 336 2771 prima
351 2717 442 2755 vacat:
457 2720 502 2754 nec
517 2704 553 2754 fas
570 2720 717 2755 concurrere
732 2705 809 2754 serto.

163 2778 260 2836 Causa,
280 2778 345 2845 quod
362 2778 395 2827 est
410 2778 451 2828 illi
467 2790 524 2829 nata
538 2777 653 2829 Minerva
668 2778 717 2829 die.

124 2851 231 2909 Altera,
250 2862 352 2918 tresque
367 2852 437 2918 super
450 2852 521 2903 strati
535 2854 690 2917 celebrantur
704 2848 787 2903 areni.

164 2925 269 2979 Ensibus
284 2925 383 2979 exsertis
398 2927 486 2978 bellica
500 2928 563 2978 laete
570 2925 627 2979 Dea
641 2926 684 2978 est.
709 2950 714 2957 ·

730 2998 756 3049 D
771 2996 798 3066 vj
