1975 3700
200 233 271 304 118
322 232 363 299 Ρ.
393 230 586 302 orror!
612 231 841 304 Nrsonrs

194 353 252 404 Pars
269 351 390 400 Bacchum
407 347 504 399 nutriss'e
522 360 628 414 putant:
645 365 700 414 pars
714 351 820 402 credidit
834 352 887 403 effe

230 426 342 492 Tethyos
357 425 400 472 has
417 435 504 488 neptes
520 422 664 488 Oceanique
678 422 750 474 senis·

193 499 308 550 Nondum
321 497 394 547 stabat
409 497 499 554 Atlas,
515 496 628 545 humeros
643 510 760 547 oneratus
776 499 913 568 Olympo,

137 588 185 636 r7o
235 571 297 622 cen
314 571 376 620 latus
395 569 429 618 est
447 568 527 619 lormd
546 569 728 634 conspiciendus
744 571 824 638 Hyas.

195 645 267 696 Hunc
277 641 343 710 stirps
355 643 469 700 Oceani,
481 643 580 692 maturis
592 643 683 692 nisibus
691 641 781 694 AEthre

228 718 310 768 ¹Edidit
320 751 332 776 ,›
342 717 368 768 ὅ(
379 717 505 784 Nymphas
516 731 523 764 t
539 715 580 765 sed
589 717 656 781 prior
667 730 734 768 ortus
746 719 825 784 Hyas,
836 751 854 776 ς

194 792 260 842 Diun
276 807 339 842 nova
356 791 465 858 lanugo;
486 788 587 855 pavidos
606 789 736 840 formidine
751 807 843 842 cervos

230 865 340 921 Terret,
363 863 389 914 dc
409 862 442 913 est
460 863 494 912 ‘dli
514 863 595 928 praeda
613 863 715 930 benigna
735 866 817 930 lepus.

55 949 60 954 ·
138 953 183 1002 ¹75
197 938 231 988 At
243 937 294 1004 post
304 940 375 1005 quim
386 937 463 988 virtus
474 936 542 985 annis
553 936 662 986 adolevit
672 953 681 994 c
694 938 720 986 in
733 954 806 1004 aptos

231 1011 332 1069 Audet,
350 1011 490 1061 &hirsutas
503 1009 612 1059 cominus
623 1009 658 1058 ire
670 1011 731 1060 leas.

194 1085 309 1152 Dumque
320 1085 382 1150 petit
392 1085 496 1134 latebras
506 1081 564 1132 feta
575 1083 714 1149 catulosque
725 1086 830 1143 leena.

232 1159 284 1224 lple
299 1159 344 1208 luit
358 1157 455 1223 Libycae
469 1155 551 1221 praeda
564 1169 665 1206 muenta
681 1157 749 1208 ferar.

194 1231 277 1282 Mater
291 1231 383 1298 Hyan,
402 1231 428 1280 ἃ
440 1229 514 1296 Hyan
527 1229 612 1280 mestre
627 1229 719 1280 flevere
734 1231 854 1289 sororesz

136 1307 184 1357 180
232 1303 410 1370 Cervicemque
425 1304 484 1371 polo
501 1303 666 1368 suppositurus
681 1304 760 1354 Atlas.

194 1377 280 1431 Vilius
292 1389 395 1444 uterque
412 1387 593 1442 parenstamen
607 1375 641 1426 est
656 1377 747 1443 pietate
761 1378 886 1428 sororum.

231 1451 275 1500 llla
290 1449 357 1500 dedit
374 1451 482 1500 coelum:
499 1449 596 1499 nomina
608 1450 667 1500 iecit
680 1451 758 1520 Hyas.

193 1522 295 1581 Mater,
311 1524 388 1582 ades,
408 1523 514 1582 dorum,
534 1523 597 1574 ludis
614 1517 759 1574 celebranda
772 1523 892 1591 jocosis3

229 1596 374 1646 Dilluleram
388 1609 469 1664 partes
485 1597 566 1646 meuse
582 1596 664 1662 priore
677 1607 741 1647 ruas.

134 1672 182 1735 185
194 1670 283 1736 Incipis
296 1669 391 1737 Aprili:
407 1670 494 1720 transis
511 1670 537 1719 in
554 1680 666 1735 tempora
678 1670 758 1736 Majis

229 1743 302 1794 Alter
318 1756 344 1794 te
360 1743 474 1812 fugiens,
495 1740 549 1792 crim
564 1744 633 1792 venit
647 1744 726 1802 alter,
746 1745 835 1795 hahet.

194 1816 256 1869 Cdm
267 1829 309 1869 tua
321 1818 389 1876 sint,
407 1817 542 1885 cedentque
558 1814 621 1876 tibi,
638 1815 741 1869 confinia
755 1818 890 1878 mensum

230 1892 353 1942 Convenit
369 1892 393 1941 in
409 1891 493 1941 laudes
509 1891 551 1941 ille
567 1891 608 1941 vel
625 1890 669 1941 ilie
683 1904 747 1942 tuas.

194 1965 279 2015 Circus
294 1964 318 2014 in
331 1966 395 2015 hunc
411 1963 480 2024 erit,
497 1965 645 2031 clamataque
659 1966 736 2032 palma
750 1964 890 2025 Thentri53

135 2055 183 2103 190
231 2038 288 2087 Hoc
299 2054 396 2104 quoque
409 2054 463 2087 cum
476 2035 542 2089 Circi
552 2054 652 2087 munere
662 2054 760 2088 carmen
772 2052 823 2089 eat.
898 2094 907 2113 θ

194 2110 246 2177 ipsa
261 2110 323 2161 doce
338 2128 391 2178 quae
405 2110 455 2161 sis:
471 2111 594 2161 hominum
608 2110 727 2162 sententia
739 2113 812 2163 fallax
818 2128 833 2171 -ς

149 2251 153 2255 .
230 2184 329 2251 Optima
340 2196 368 2235 tu
381 2183 472 2251 proprii
487 2185 590 2235 nominis
604 2184 687 2235 audior
700 2185 757 2235 eris.

159 2260 165 2263 ’
193 2258 232 2309 sic
249 2275 312 2327 ego,
330 2258 365 2309 sic
381 2258 465 2315 nolitis
478 2258 602 2325 respondit
614 2258 680 2309 Diva
693 2259 803 2327 regaris3

228 2332 294 2382 Dum
308 2334 433 2399 loquitur,
449 2348 537 2383 vernas
552 2331 617 2381 efflat
631 2333 661 2381 eb
677 2348 720 2383 ore
737 2332 813 2382 rosus.

135 2420 164 2471 19
170 2421 181 2467 5
196 2404 293 2455 Chloris
303 2422 386 2465 eram,
400 2418 453 2471 qnae
465 2406 537 2455 Flora
546 2420 644 2456 vocor:
657 2416 771 2473 corrupta
780 2404 870 2456 Latino

229 2479 339 2529 Nominis
352 2478 384 2527 est
395 2478 467 2529 nostri
479 2479 548 2529 litera
559 2479 649 2531 Graeca
660 2480 730 2530 sono.

195 2552 292 2601 Chloris
303 2567 367 2601 eram
378 2553 491 2618 Nymphe
502 2553 580 2619 campi
589 2552 667 2602 felicis
677 2586 685 2611 ,
696 2553 738 2603 uhi
748 2552 816 2602 audis

229 2626 290 2675 Rem
307 2624 435 2675 fortunatis
452 2638 510 2677 ante
522 2625 589 2676 luille
601 2626 669 2676 viris.

193 2698 255 2763 Quae
266 2698 339 2749 fuerit
348 2698 405 2748 mihi
413 2698 490 2749 forma
500 2732 508 2758 ,
520 2714 594 2766 grave
604 2698 638 2747 est
648 2697 746 2748 narrare
757 2696 870 2749 modestae
880 2697 897 2748 τ’

131 2789 182 2823 200
228 2773 404 2839 Sed-generum
414 2773 483 2823 metri
494 2772 636 2837 reperitilla
646 2772 738 2822 Deum.

192 2848 245 2901 Ver
259 2848 327 2903 erat,
340 2848 466 2897 errabam:
478 2844 606 2912 Zephyrus
615 2845 744 2915 conspexit
754 2880 761 2906 ‚
773 2846 879 2898 ahiham.

229 2918 380 2987 insequitur,
394 2920 461 2988 fugio
471 2919 583 2979 sjortior
598 2919 641 2971 ille
653 2917 711 2970 luit.
