1975 3700
138 265 281 334 Ernst.
309 277 367 331 ux
393 262 537 329 Ponto
565 258 606 330 L.
634 259 689 328 Is.
719 275 790 353 301

78 381 119 432 lta
135 382 233 448 quidem
249 381 326 446 ptimo
341 381 422 430 suerat
437 390 478 429 tua
493 377 572 444 juria,
590 391 638 442 nec
653 375 705 442 ipso

118 455 230 512 Lenior,
250 453 354 504 offensus
369 454 411 519 qui
425 452 481 502 milti
498 451 553 517 jure
568 449 625 500 suit.

81 526 183 592 Quique
201 528 272 576 dolor
289 526 371 592 petius
387 523 503 592 tetigisset
516 522 619 572 Caesatis
631 520 698 578 alti,

119 601 192 650 lllnm
207 599 301 665 jurabas
313 600 425 665 protinus
442 597 489 648 effe
503 609 581 655 tuum.
614 614 618 622 ·

81 673 119 725 Ut
135 686 219 724 temen
234 671 315 725 audita
330 672 364 722 est
379 670 463 722 nosttae
479 671 524 721 tibi
539 668 614 720 cladis
630 669 721 736 otigo,
805 663 838 728 65

118 747 220 798 Diceris
238 745 322 796 erretis
340 743 479 812 ingemuisse
499 743 568 793 meis.

78 818 148 869 Turn
164 832 207 870 tua
222 835 260 869 me
276 819 376 884 primum
392 818 462 868 soleri
480 817 550 866 litera
567 814 663 882 eoepit;

119 893 152 941 Et
171 891 251 942 laesum
267 891 331 942 nelli
347 891 412 957 spem
429 891 486 940 date
503 887 569 956 posse
586 888 679 939 Deum.
756 936 765 956 ,

79 963 169 1016 Movit
187 964 298 1015 amicitie
313 975 364 1015 tum
382 976 408 1014 te
426 961 557 1013 constantia
572 963 670 1028 longe,

120 1036 189 1087 Ante
206 1049 262 1088 tuos
278 1049 414 1103 ortusque
430 1036 486 1086 mihi
505 1048 586 1101 ccepta
602 1033 659 1083 fuit.
805 1044 841 1094 70

81 1111 117 1160 Et
135 1111 267 1176 quoderat
281 1111 334 1162 eliis
349 1110 445 1166 sallus.
462 1109 521 1158 milri
536 1119 606 1158 natus
622 1105 733 1156 amicust

72 1209 74 1214 l
121 1182 246 1252 Quodque
262 1182 307 1234 tibi
320 1184 345 1233 in
362 1184 430 1232 cunis
450 1183 531 1232 oscula
547 1180 623 1246 prima
640 1177 705 1228 dedi.

81 1255 160 1320 Quod
172 1290 180 1314 ,
196 1255 249 1306 edm
259 1255 335 1306 vestra
347 1256 431 1306 domus
441 1255 533 1304 teneris
543 1254 603 1302 mihi
614 1253 707 1318 semper
716 1251 746 1301 sb
756 1246 823 1298 aunis

121 1330 194 1379 Culta
209 1329 259 1390 sit,
278 1328 326 1380 esl'e
342 1342 414 1379 vetus
428 1345 492 1378 nunc
507 1328 552 1377 tibi
568 1341 645 1392 coget
660 1341 732 1376 onus.

81 1401 129 1452 Me
146 1415 202 1454 tuus
219 1403 260 1452 ille
276 1416 364 1469 pater,
382 1401 456 1451 Latiae
469 1400 581 1451 secundia
596 1401 709 1466 luguae,
803 1406 839 1458 ,75

121 1474 186 1538 Quae
204 1467 253 1526 no'n
269 1476 371 1526 inferior
386 1475 513 1524 nobilitate
529 1474 595 1530 fuit,

80 1547 196 1606 Primus,
216 1562 244 1598 ut
258 1549 371 1598 auderem
389 1548 542 1598 committere
559 1544 663 1595 carmine
680 1543 778 1600 rm,

122 1622 218 1687 impulit
233 1639 240 1672 e
255 1621 344 1689 ingenii
362 1621 410 1671 dur
426 1621 472 1670 fuit
487 1621 530 1670 isle
546 1619 604 1670 mei.

81 1695 158 1752 Nec,
177 1711 225 1759 quo
243 1695 274 1745 sit
288 1691 389 1760 primdm
406 1694 477 1744 nobis
492 1710 508 1742 a
524 1705 636 1759 tempore
651 1690 749 1747 culum.

122 1766 254 1818 Contendo
271 1768 369 1818 fratrem
386 1765 452 1833 posse
470 1765 564 1818 tesetre
579 1778 656 1815 tuum.
804 1757 838 1808 80

81 1839 122 1891 Te
140 1854 222 1891 tamon
235 1853 292 1892 ante
309 1858 393 1892 omnes
408 1841 440 1891 ita
457 1838 507 1902 lurp
523 1838 683 1906 complexus,
700 1844 729 1886 ut
742 1847 804 1885 unus

120 1913 240 1977 Quolibet
254 1914 278 1964 in
293 1915 347 1965 casn
362 1915 436 1983 gratia
452 1914 530 1963 nostra
545 1914 621 1963 fores.

80 1985 172 2037 Ultima
191 2004 229 2037 me
243 2000 326 2038 tecum
338 1988 416 2045 vidit,
433 1987 565 2053 massisque
579 1985 695 2035 cadentes

123 2060 231 2126 Excepit
244 2062 362 2129 lacrymas
380 2058 485 2109 AEthalis
503 2060 554 2109 llvt
569 2059 648 2126 genis.

83 2131 145 2183 Crini
163 2134 207 2183 tibi
221 2134 358 2201 querenti,
378 2150 434 2183 num
451 2149 523 2183 verus
539 2132 641 2181 nuncius
659 2129 739 2188 esset,
804 2123 836 2189 85

117 2207 244 2257 Attulerat
260 2210 337 2273 culpae
353 2223 424 2273 quern
439 2207 500 2256 mela
514 2206 576 2255 sema
590 2220 673 2259 meat

80 2278 149 2329 inter
164 2279 294 2331 confessum
308 2280 397 2339 dubid,
415 2278 536 2343 dubieque
552 2288 701 2344 negantem,

118 2352 266 2412 Haetebam,
286 2352 385 2420 pavidas
401 2352 473 2403 dante
488 2354 576 2400 timore
593 2361 682 2400 notast

80 2424 250 2493 Exemploque
264 2426 346 2485 nivis,
362 2442 431 2492 quem
447 2424 520 2474 solvit
534 2423 656 2489 aquaticus
672 2418 778 2477 Auster,
874 2474 877 2484 Ι

118 2498 197 2549 Gutta
213 2516 259 2565 per·
273 2499 388 2552 attonitas
403 2499 454 2548 ibat
469 2499 556 2547 oborta
572 2511 655 2563 genes.
801 2503 836 2555 9ο

79 2570 141 2621 Htec
158 2573 232 2639 igitur
246 2573 376 2630 reserens3
396 2572 421 2622 δι
436 2571 502 2637 quod
515 2586 569 2620 mea
585 2570 683 2620 crimina
696 2565 766 2634 primi

117 2645 213 2695 Emotis
230 2645 301 2695 venis
316 2645 382 2711 posse
397 2647 473 2695 latere
489 2644 559 2694 vides
573 2660 583 2701 3

77 2718 189 2784 Respicis
206 2720 328 2785 antiquum
343 2719 415 2785 sepsit
430 2719 453 2767 in
471 2719 543 2768 rebus
560 2716 681 2774 emitum,

117 2792 288 2859 fomentisque
302 2790 371 2857 juvas
383 2793 483 2840 vulnera
501 2789 579 2839 nostra
594 2789 652 2838 tuis.
760 2792 766 2803 ¹

79 2863 128 2916 Pro
145 2865 231 2930 quibus
245 2864 345 2930 optandi
358 2865 378 2913 si
395 2864 464 2913 nobis
480 2864 550 2928 copia
564 2861 624 2917 fiat,
799 2869 834 2923 95

8 2960 10 2963 ·
115 2936 178 2991 Tam
194 2939 256 2991 bene
273 2938 408 3007 promerito
424 2938 551 2989 commode
568 2936 633 2987 misle
648 2948 748 3001 precere
