1975 3700
146 239 449 305 FAsrouunr
475 233 581 302 Lrn.
608 235 677 304 IV.
726 257 778 329 99

71 355 181 406 Attonita
190 353 223 406 est
231 356 347 422 plangore
357 355 451 414 Ceres,
462 353 536 406 modi>
544 368 646 406 venerat
654 357 775 409 Hennam.
787 373 839 421 455

107 430 160 480 Ner
171 445 238 478 mora
250 445 257 480 ι
271 429 315 478 Me
328 428 436 478 miseram
450 429 456 478 !
471 427 539 487 filia,
557 430 639 485 dixit,
656 431 699 480 ubi
710 431 760 481 esi

70 503 160 552 Mentis
176 503 245 567 inops
259 502 371 567 rapitur:
385 505 467 568 quales
484 503 567 553 audire
583 503 686 554 solemus

106 575 233 626 Threicias
249 575 323 642 passis
339 575 462 626 Maenadas
478 576 515 626 ire
531 577 616 626 comis.

70 649 105 700 Ut
118 650 196 700 vitulo
213 649 289 717 mugit
306 649 345 698 sua
360 661 438 699 mater
452 651 482 700 ab
497 651 574 700 ubete
587 661 678 716 rapto,

105 721 135 772 Et
150 723 234 788 querit
250 721 314 772 setus
329 739 374 786 per
388 739 473 772 nemus
489 739 561 774 omne
576 723 650 781 suos,
789 725 842 788 460

68 797 108 846 Sic
125 795 180 846 Dea
192 813 200 846 r
212 811 258 844 nec
273 796 364 846 retinet
379 796 505 862 gemitus,
524 796 551 845 δι
564 797 661 847 toncita
676 797 747 848 cursu

105 869 213 926 Ferrum
230 868 255 919 δι
272 886 286 917 e
302 868 391 934 campis
407 868 511 934 incipit,
528 868 636 927 Henna,
652 871 710 921 tuis.
770 878 779 892 “
824 907 831 920 .

68 942 128 992 Inde
143 941 257 1007 puellaris
275 941 343 990 nasia
357 940 391 990 est
407 940 506 1008 vestigia
522 943 628 1007 planu,

105 1014 136 1064 Et
149 1014 250 1081 pressam
263 1027 324 1064 nuto
337 1014 446 1080 pondere
460 1015 522 1064 vidit
534 1015 644 1066 humum.

69 1089 179 1142 Forsitan
194 1089 234 1138 illa
248 1088 298 1138 dies
315 1088 392 1138 errori
407 1087 499 1138 summa
510 1087 610 1145 suisset,
790 1091 842 1153 465

105 1161 131 1211 si
146 1179 195 1212 non
209 1160 340 1212 turbassent
354 1161 422 1229 signa
436 1174 533 1228 reperte
547 1161 611 1212 sues.

68 1233 170 1301 Jamque
185 1235 320 1286 Leontinos
335 1234 508 1300 Amenanaque
521 1235 617 1285 furmina
631 1234 703 1286 cursu

106 1306 234 1372 Praeterit,
254 1309 281 1359 ἃ
294 1309 357 1373 ripas
370 1342 378 1368 ,
391 1309 499 1358 herbifer
514 1309 578 1367 nei,
594 1321 648 1358 tues
660 1325 669 1366 ς

68 1380 181 1432 Praeterit
198 1383 223 1434 &
238 1381 359 1448 Cyanen,
378 1382 404 1432 bt
416 1383 510 1432 sontem
523 1382 584 1432 lenis
597 1381 677 1448 Anapi
688 1397 699 1438 3

107 1455 139 1505 Et
154 1468 201 1515 te,
216 1455 349 1506 vorticibus
364 1471 415 1504 non
429 1455 540 1505 adeunde
557 1455 632 1506 Gela.
790 1467 844 1519 470

66 1528 184 1596 Liquerat
200 1528 341 1596 Ortygien,
359 1527 543 1595 Megareaque,
561 1526 763 1595 Pantagienque.

108 1601 213 1668 Quasque
228 1601 362 1650 Simethias
375 1601 464 1666 accipit
480 1617 565 1666 aequor
578 1617 670 1666 aquas,

67 1675 195 1742 Antraque
211 1673 367 1740 Cyclopum,
383 1674 469 1738 positis
486 1673 567 1722 exusta
584 1674 703 1732 caminis,

108 1747 206 1816 Quique
221 1747 290 1796 loeus
306 1763 387 1796 curva
401 1747 498 1796 nomine
511 1746 579 1796 saleis
596 1746 692 1802 habeta

68 1817 843 1888 Himeraque,&Didymenucrrgannqresanomenonque;

107 1896 284 1961 sacrorumque
299 1894 384 1945 Melan
399 1894 487 1960 pascua
503 1894 558 1944 laeta
573 1894 656 1944 boum.
791 1896 844 1958 476

68 1968 137 2019 Hine
148 1968 293 2019 Camerinan
302 1968 370 2027 adit,
381 1967 581 2035 Thapsonque&
592 1967 694 2018 Heloria
702 1979 786 2035 tempe
797 1986 806 2025 ς

108 2041 213 2109 Qua'que
226 2054 294 2109 patet
310 2040 424 2108 Zephyro
440 2042 534 2107 semper
547 2052 645 2107 apertus
659 2040 735 2107 Eryx.

68 2113 171 2183 Jamque
186 2114 334 2169 Peloriadem
343 2147 353 2174 ¹,
371 2115 538 2182 Lilybbaque,
558 2114 654 2180 jamque
667 2114 790 2165 Pachiuon

108 2188 247 2249 Lustrirat,
264 2202 336 2239 terrae
354 2203 446 2238 cornua
461 2188 526 2237 trina
542 2186 600 2237 suae.
791 2188 845 2248 480

69 2262 232 2329 Quicumque
247 2261 382 2329 ingreditur
397 2294 404 2319 ,
422 2261 514 2310 miseris
529 2260 586 2311 loca
599 2258 684 2311 ennea
696 2262 802 2325 querelis

108 2336 218 2401 Implet3
236 2346 265 2385 ut
281 2334 385 2385 amissum
399 2332 453 2385 ciam
469 2334 545 2401 gemit
560 2334 611 2384 ales
624 2334 692 2401 Ityn.

69 2408 170 2475 Perque
180 2409 247 2461 vices
260 2440 268 2467 ,
278 2406 367 2467 modb,
378 2406 549 2473 Persephone,
559 2404 650 2465 modi),
660 2408 679 2457 F
680 2405 738 2463 ilie,
750 2408 847 2457 elamat.

111 2482 225 2539 Clamat,
244 2482 380 2533 &alternis
396 2498 485 2531 nomen
499 2492 628 2547 utrumque
643 2480 702 2531 ciet.

70 2557 122 2607 Sed
133 2571 213 2621 neque
219 2553 372 2620 Persephone
381 2553 514 2611 Cererem,
524 2570 603 2620 neque
613 2552 662 2605 filia
671 2567 774 2607 matrem
791 2557 826 2615 48
831 2569 844 2617 5

109 2628 204 2678 Audit:
219 2628 243 2678 &
258 2628 357 2677 alternis
373 2642 462 2677 nornen
478 2638 606 2694 utrumque
619 2626 691 2693 perit.

70 2704 198 2769 Unaque,
215 2700 332 2766 pastorem
348 2698 441 2749 vidisset
456 2716 486 2749 sn
500 2716 558 2750 arva
571 2703 714 2759 colentem,

110 2777 170 2828 Vox
185 2787 238 2824 erat
248 2808 262 2843 ,Ι
276 2772 330 2823 Hic
345 2770 435 2841 gressus
448 2789 525 2841 ecqua
537 2775 617 2840 puella
630 2772 708 2825 tulit?

69 2849 85 2903 J
89 2866 127 2899 am
144 2850 214 2899 color
227 2864 289 2898 unus
307 2846 364 2899 inest
379 2848 451 2897 rebus
464 2880 471 2906 ,
487 2849 644 2914 tenebrisque
658 2858 774 2915 teguntur

110 2921 282 2991 Ommatium
295 2921 380 2991 uigiles
395 2923 537 2977 sustinuere
549 2938 631 2974 canes.
714 2953 717 2958 <
793 2934 846 2985 490

689 2992 739 3060 Eij
