1975 3700
178 307 257 378 294
279 285 322 354 P.
350 287 543 356 Orrrm
569 285 799 358 Nasortrs

180 406 277 460 Gaudia
291 407 410 458 Caesarea
424 407 513 457 mentis
528 422 575 472 pro
589 420 660 472 parte
674 407 741 457 virili

217 481 279 531 Sunt
292 498 347 531 mea
359 498 367 534 ε
381 481 469 550 privati
484 481 519 530 nil
534 481 610 530 habet
622 480 664 529 illa
679 481 776 532 domus.

181 553 286 614 Gratia,
303 555 394 614 Fama,
410 555 474 614 tibi,
490 571 536 620 per
551 569 622 619 quam
637 554 742 619 speum
756 555 877 624 triumphi

136 637 170 672 2⁰
219 627 314 680 lncluso
331 628 416 678 mediis
433 629 466 677 cll
482 627 543 676 milri
557 643 647 694 pompa
664 625 750 682 Getis.

179 701 263 752 Indice
277 713 322 760 te,
338 701 430 758 didici,
448 717 525 766 nuper
538 700 636 750 visenda
650 699 724 751 coisse

216 775 356 826 Innumeras
373 785 459 842 gentes
476 775 507 823 ad
522 774 602 824 Ducis
619 791 662 824 ora
676 775 721 824 sui.

180 845 293 914 Quaeque
310 849 374 913 capit
391 847 459 898 vallis
474 846 613 896 immensum
629 849 749 900 munibus
766 852 876 910 orben,

218 921 333 987 Hospitiis
346 921 448 970 Romam
464 921 505 970 vix
521 920 628 970 habuisse
638 921 736 972 locum.

137 1005 170 1054 25
183 993 224 1043 Tu
239 994 297 1043 milri
314 995 430 1052 narrasti,
447 993 502 1044 crim
518 995 599 1044 torulus
613 995 708 1055 lucibus
725 1011 784 1048 ante

217 1067 317 1117 fuderit
332 1067 437 1119 assiduas
453 1067 549 1117 nubilus
563 1065 649 1117 Auller
665 1085 761 1134 aquas,

181 1139 282 1192 Lumine
298 1141 387 1191 ooelesti
405 1141 486 1190 Solem
503 1138 592 1190 fulsisse
609 1139 743 1200 serenum,

218 1213 281 1264 Cum
296 1215 380 1280 populi
396 1213 465 1264 vultu
482 1214 646 1264 conveniente
662 1215 711 1264 die.
850 1269 856 1276 ,
880 1267 885 1274 ,

180 1284 263 1352 Atque
277 1287 312 1336 ita
323 1287 457 1345 vitiorem,
475 1303 530 1336 cum
547 1303 635 1353 magno
649 1287 718 1338 vocis
733 1288 852 1348 honore,

137 1370 171 1422 30
219 1359 310 1408 Bellica
325 1359 427 1409 laudatis
444 1359 509 1425 dona
525 1358 614 1410 dedisse
630 1360 710 1409 viris:

183 1429 303 1497 claraque
320 1432 450 1481 sumturum
466 1432 541 1498 pislas
559 1432 660 1499 insignia
674 1431 775 1491 vestes,

218 1503 285 1554 Tura
301 1503 366 1575 priris
384 1504 467 1554 lanitia
483 1505 617 1570 imposuisse
631 1505 719 1558 focis:

182 1575 347 1644 Iustitiamque
365 1576 399 1628 sui
415 1575 477 1628 calle
490 1577 594 1642 placasse
609 1575 739 1636 Parentis,

218 1651 265 1700 lllo
281 1668 333 1716 que
349 1652 464 1716 templum
481 1651 581 1716 peslore
598 1649 692 1714 semper
706 1651 793 1700 babet·

139 1737 171 1790 35
185 1723 290 1790 Quasque
309 1725 382 1782 ierit,
398 1724 457 1773 selix
473 1723 592 1788 adjeslum
608 1724 731 1787 plausibus
747 1740 839 1784 omen,

220 1797 331 1865 Saxaque
348 1797 434 1847 roratis
451 1795 569 1846 erubuisse
586 1796 658 1849 rosis.

182 1870 295 1921 Protinus
312 1885 413 1939 argento
430 1870 514 1919 versos
531 1870 647 1920 imitantia
664 1886 765 1927 muros,

219 1944 323 1994 Barbara
340 1961 395 1993 cum
411 1944 479 1993 vislis
496 1943 584 2009 oppida
599 1944 648 1993 lata
660 1945 730 1993 viris.

183 2017 357 2083 Fluminaque,
374 2017 400 2067 ἃ
415 2028 528 2075 montes,
543 2016 570 2066 &
583 2017 673 2066 in‘altis
687 2017 773 2082 pascua
787 2014 879 2077 silvis,

139 2106 175 2152 40
223 2090 346 2157 Armaque
363 2106 418 2139 cum
433 2090 487 2140 telis
502 2090 527 2138 in
541 2089 604 2140 strue
617 2090 692 2139 mixta
706 2090 761 2139 suis.

182 2163 272 2229 Deque
288 2164 455 2230 triumphato,
471 2163 538 2229 quod
553 2164 597 2213 Sol
612 2162 769 2220 incenderit,
788 2178 851 2211 auro

222 2236 303 2288 Aurea
319 2237 421 2287 Romani
437 2237 500 2286 teila
514 2235 581 2287 suiffe
596 2236 653 2286 sori.
755 2250 768 2267 ²

185 2310 284 2377 Totque
299 2312 376 2362 tulisse
394 2311 467 2361 duces
484 2310 586 2377 captivis
601 2310 682 2360 addita
696 2306 768 2358 collis

221 2386 345 2443 Vincula,
364 2400 433 2451 pane
448 2383 528 2434 hollos
542 2398 602 2448 quot
618 2382 673 2433 satis
690 2382 738 2432 esse
752 2381 807 2431 suit.

139 2464 158 2518 '4
163 2470 174 2519 5
189 2456 294 2507 Maxima
309 2474 364 2523 pars
378 2459 463 2507 horum
477 2458 552 2506 vitam
569 2457 712 2522 veniamque
726 2457 837 2505 tulerunt
849 2469 861 2507 t

224 2530 251 2579 ln
265 2531 349 2595 quibus
366 2530 392 2580 &
409 2531 466 2580 belli
483 2531 570 2579 summa
585 2543 706 2595 caputque
722 2529 795 2578 Bato.

186 2602 237 2653 Cur
251 2619 298 2669 ego
311 2602 376 2669 polle
394 2618 480 2669 negem
494 2602 639 2652 minui-mihi
656 2602 766 2652 Numinis
774 2603 838 2651 iram
850 2633 862 2660 ‚

223 2673 284 2725 Ctlm
298 2676 391 2725 videam
408 2676 479 2725 mites
493 2676 598 2726 hostibus
613 2675 660 2725 else
674 2674 767 2725 Deos?

185 2748 288 2800 Pertulit
302 2750 350 2799 huc
366 2750 430 2799 idem
447 2750 536 2807 nobis,
556 2749 720 2807 Germanice,
737 2764 840 2805 rumor,

143 2836 176 2885 50
224 2822 320 2889 Oppida
335 2822 377 2873 sub
394 2824 467 2873 titulo
484 2822 589 2872 nominis
605 2822 646 2872 ille
661 2823 706 2871 tui.

185 2894 268 2961 Atque
285 2912 331 2954 ea,
348 2908 374 2946 te
391 2909 476 2947 contra
488 2929 497 2954 ,
507 2912 554 2946 nee
570 2896 631 2945 muri
646 2897 712 2945 mole
722 2927 731 2954 ,
742 2910 788 2945 nec
800 2893 902 2955 amia,

219 2970 274 3021 Nec
290 2970 349 3033 satie
361 2971 460 3040 ingenio
476 2981 530 3023 tuta
545 2968 612 3024 sitisse
629 2969 690 3023 toci.
