1975 3700
440 805 976 895 'OVIDII
1082 705 1714 892 NASON-IS

399 1004 513 1123 a*
579 929 709 1123 R
790 1005 866 1121 ἶ
951 1004 1029 1122 s
1100 1003 1214 1121 T
1275 1005 1351 1119 ἶ
1430 1004 1576 1129 w
1650 1002 1827 1123 M

675 1211 1201 1319 {LIBER
1326 1217 1479 1306 IL

565 1445 600 1481 υ
620 1446 639 1480 1
662 1444 700 1481 D
724 1433 836 1483 mibi
858 1431 1110 1483 vobiscum
1133 1431 1200 1481 est
1221 1466 1239 1491 ‚
1262 1432 1432 1482 infelix
1453 1448 1570 1483 cura
1594 1464 1613 1491 ,
1637 1433 1797 1484 libelli
1812 1469 1830 1490 ‚

561 1505 762 1572 Ingenio
797 1506 918 1571 perii
952 1506 1035 1572 qui
1064 1505 1205 1554 miser
1240 1506 1338 1571 ipse
1371 1503 1528 1555 meo?

399 1577 500 1626 Cur
528 1576 677 1628 modo
707 1576 957 1639 damnatas'
977 1586 1152 1643 repeto
1173 1612 1187 1637 ,
1219 1595 1328 1627 mea
1358 1579 1549 1629 crimina
1570 1611 1585 1636 ‚
1618 1577 1830 1630 Musas?

471 1650 550 1699 An
587 1652 732 1701 semel
766 1650 831 1701 est
861 1668 1051 1717 poenam
1085 1651 1420 1701 commeruiffe·
1443 1665 1613 1718 parum
1637 1650 1663 1701 ἓ

352 1736 376 1785 5
407 1723 627 1776 Carmina
655 1725 880 1774 fecerunt
904 1758 918 1783 ,
955 1737 1010 1773 ut
1038 1740 1114 1773 me
1150 1726 1443 1791 cognoscere
1479 1727 1704 1785 vellent,

470 1796 648 1847 Omine
679 1814 779 1846 non
811 1796 960 1847 fausto
978 1831 997 1853 ‚
1033 1797 1209 1846 femina
1239 1798 1410 1865 virque
1436 1831 1453 1857 ‚
1490 1815 1617 1853 mea.

401 1869 623 1920 Carmina
660 1872 887 1921 fecerunt
909 1905 924 1929 ‚
962 1883 1018 1920 ut
1048 1887 1124 1920 me
1158 1888 1415 1938 moresque
1446 1882 1644 1922 notaret

471 1943 575 1993 Jam
610 1945 800 1994 demum
831 1944 935 1994 visa
972 1943 1131 1994 Caesar
1162 1946 1221 1996 ab
1254 1944 1376 1995 Arte
1410 1960 1570 1994 meos.

395 2015 559 2065 Deme
593 2017 706 2067 mihi
739 2018 940 2068 studium
966 2050 981 2076 ‚
1014 2018 1128 2068 vitae
1162 2035 1354 2084 quoque
1386 2018 1585 2068 crimina
1617 2017 1790 2070 demes
1813 2034 1829 2067 t

316 2101 380 2139 10
477 2088 748 2157 Acceptum
781 2091 942 2140 refero
972 2091 1192 2141 versibus
1216 2124 1232 2148 ,
1271 2090 1364 2141 effe
1400 2108 1609 2142 nocens.

399 2160 527 2211 Hoc·
541 2165 747 2228 pretium
779 2181 907 2213 curae
937 2163 1342 2230 vigilatorumque
1370 2166 1592 2214 laborum

476 2232 745 2302 Cepimus:
769 2237 966 2304 ingenio
1000 2253 1142 2302 poena
1177 2250 1369 2302 reperta
1403 2253 1532 2286 meo.

403 2306 453 2356 Si
489 2308 740 2374 saperem,
776 2310 938 2359 doctas
970 2308 1163 2358 odiss‘em
1196 2310 1304 2376 jure
1338 2303 1524 2363 soi-ores
1548 2343 1568 2366 ‚

475 2382 682 2431 Numina
716 2383 896 2441 cultori
927 2382 1195 2448 perniciosa
1229 2381 1330 2432 suo.

318 2465 376 2514 15
403 2452 471 2502 At
503 2471 628 2504 nunc
652 2491 670 2514 ,
708 2454 843 2505 tanta
873 2473 985 2505 meo
1018 2473 1183 2506 comes
1222 2455 1289 2505 est
1321 2454 1495 2505 insania
1525 2455 1705 2505 morbo
1734 2453 1753 2504 Ξ

472 2527 593 2576 Saxa
623 2545 780 2578 meum
810 2529 974 2578 refero
1006 2529 1164 2578 rursus
1197 2529 1254 2577 ad
1288 2530 1379 2578 ista
1411 2529 1608 2594 pedem.

400 2599 599 2649 Scilicet
636 2601 686 2651 &
716 2600 867 2651 vistus
899 2603 1079 2667 repetit
1108 2601 1344 2669 gladiator
1370 2618 1560 2650 arenam
1585 2634 1606 2659 ,

473 2673 535 2723 Et
559 2674 685 2724 redit
716 2674 764 2724 in
793 2675 999 2724 tumidas
1029 2675 1255 2742 naufraga
1284 2676 1453 2740 puppis
1487 2689 1655 2740 aquas.

402 2746 622 2796 Forsitan
645 2781 660 2805 ,
699 2761 754 2797 ut
783 2748 1024 2813 quondam
1051 2747 1371 2797 Teuthrantia
1404 2763 1551 2814 regna
1586 2743 1783 2796 tenenti
1802 2777 1818 2801 .

317 2831 382 2865 20
477 2819 556 2870 Sic
590 2822 704 2872 mihi
731 2838 809 2872 res
842 2822 1009 2870 eadem
1039 2821 1213 2870 vulnus
1246 2836 1484 2886 opemque
1516 2820 1645 2869 feret
1673 2836 1691 2876 3

398 2891 635 2960 Musaque
661 2928 676 2953 ,
713 2911 850 2961 quam
873 2894 1024 2942 movit
1046 2927 1059 2950 ,
1099 2906 1275 2943 motam
1298 2910 1490 2960 quoque
1513 2893 1663 2943 leniet
1686 2893 1822 2942 iram.

479 2966 696 3019 Exorant
729 2983 927 3037 magnos
962 2968 1168 3017 carmina
1205 2968 1326 3033 saepe
1358 2967 1521 3019 Deos·
