1975 3700
338 247 513 314 inam
709 265 785 342 ῃ]
869 269 871 274 2

73 363 185 430 Tempus
200 361 228 414 in
240 361 381 416 iinmeufum
393 360 509 433 iacrymas
524 362 569 416 tibi
580 362 692 422 vovimus
708 366 779 427 istas,

114 438 304 504 Quaecsempen
323 439 395 490 causi
411 439 563 496 sufficiente,
580 438 676 489 cadant.

74 512 183 563 Dixerat
194 528 203 562 a
213 524 238 561 at
255 509 347 562 Clotho
363 511 432 577 jussit
447 510 557 579 promissa
573 512 676 572 valete,

112 585 189 634 Nevit
204 584 236 650 &¹
246 584 346 634 infausti
361 585 457 636 stamina
472 587 538 652 pulla
552 601 632 634 manu.

74 657 108 708 Et
125 673 157 723 ne
173 659 246 725 ionga
261 657 309 708 suae
321 659 435 726 praesagia
451 659 545 710 diceret
561 659 649 717 hortu
797 653 849 721 245

113 731 172 780 Fata
188 742 260 782 canet
276 743 346 781 vates
359 733 400 798 qui
415 744 477 790 tua,
494 731 575 788 dixit,
593 731 651 781 erit.
798 794 802 802 1

73 804 121 854 ille
137 819 186 870 ego
199 803 333 868 sum-vates
349 820 357 854 a
373 821 405 854 ex
417 822 456 854 me
471 818 514 855 tua
528 805 629 855 vulnera
644 801 732 856 disces.

113 873 150 925 Di
164 875 239 927 modd
252 876 311 940 dent
325 878 390 928 vites
405 877 431 928 in
446 894 499 928 mea
514 877 588 927 verba
602 877 673 928 suas!

76 949 277 1016 Carminibusque
293 951 354 1002 meis
369 952 486 1002 accedant
503 949 611 1016 pondera
626 967 727 1010 tetum,

113 1022 178 1086 Quae
193 1035 244 1074 tata
260 1041 306 1090 pec
320 1023 397 1074 ludius
412 1024 538 1089 experiare
554 1033 621 1075 tuos.
796 1037 849 1086 250

74 1098 148 1148 Neve
161 1097 213 1147 sine
227 1097 345 1162 exemplis
360 1097 405 1147 aevi
420 1097 531 1148 cruciere
546 1095 652 1163 prioris,

111 1169 166 1218 Sint
180 1182 222 1220 tua
236 1168 351 1236 Trojanis
365 1187 414 1221 non
430 1170 523 1222 leviora
537 1170 614 1220 malis.

74 1243 225 1309 Quantaque
235 1243 356 1310 clavigeri
370 1243 490 1294 Paeantius
507 1243 619 1294 Herculis
634 1242 706 1294 heres
719 1274 728 1302 ,

112 1315 192 1367 Tanta
206 1329 330 1367 venenato
346 1318 446 1368 vulnera
460 1334 531 1368 crure
547 1332 627 1384 getas.

73 1390 130 1442 Nec
146 1385 224 1440 levitis
238 1389 341 1449 doleas,
358 1393 428 1457 quim
441 1391 483 1458 qui
496 1390 557 1441 bibit
571 1390 644 1440 ubera
659 1404 759 1446 cetvae,
796 1403 812 1438 a
817 1403 847 1451 55

113 1461 254 1528 Armatique
270 1463 327 1512 tulit
341 1465 447 1523 vuinus,
463 1464 563 1514 inermis
580 1479 661 1529 opem.

74 1534 176 1604 Quique
192 1538 223 1586 ab
238 1552 303 1602 equo
319 1553 429 1603 ptaeceps
442 1537 468 1586 in
484 1536 558 1587 Aleia
573 1535 663 1586 decidit
678 1549 757 1594 atva;

114 1608 197 1658 Exitio
213 1609 288 1660 facies
306 1609 345 1659 cui
363 1610 403 1660 sua
418 1627 487 1677 paene
504 1610 559 1662 tuit.

72 1682 103 1733 ld
114 1716 122 1741 ‚
138 1681 204 1749 quod
214 1682 388 1749 Amyntorides
398 1716 406 1741 ,
416 1683 500 1734 videas
510 1699 520 1742 a
531 1680 698 1752 trepidumque
708 1679 812 1731 ministro

113 1754 248 1807 Praeteotes
264 1757 372 1816 baculo,
386 1756 481 1807 luminis
500 1757 592 1814 orbus,
609 1756 666 1806 iter.
796 1751 848 1802 260
918 1829 919 1834 1
960 1790 966 1802 ,

74 1829 132 1880 Nec
148 1829 202 1895 plus
216 1828 333 1895 aspicias,
348 1833 418 1896 quim
433 1847 505 1896 quem
520 1831 559 1881 sua
575 1828 624 1879 fitia
638 1827 702 1880 rexit
710 1843 719 1887 ;

112 1902 236 1967 Expertus
249 1902 327 1953 scelus
342 1903 376 1953 eii
391 1902 459 1969 cujus
475 1914 578 1969 uterque
592 1919 690 1968 parens.

75 1972 163 2039 Qualis
179 1988 252 2035 erat,
269 1974 320 2042 post
331 1980 402 2042 quim
418 1976 452 2025 est
468 1976 544 2043 judex
559 1977 590 2026 de
606 1976 649 2026 lite
665 1970 750 2041 jocosi

111 2048 229 2109 Sumtus,
250 2048 380 2115 Apollinei
395 2050 474 2099 clatus
489 2050 513 2099 in
531 2061 584 2099 acte
602 2048 683 2100 senex.

74 2120 164 2187 Qualis
182 2122 208 2174 dt
225 2122 266 2171 iile
282 2122 347 2181 fuit,
365 2139 415 2189 quo
431 2123 605 2189 praecipiente,
624 2120 735 2172 columba
795 2114 846 2180 265

112 2194 151 2247 Est
167 2194 222 2245 data
236 2193 348 2257 Palladia
363 2196 452 2261 praevia
469 2196 566 2261 duxque
583 2194 638 2243 tati.

74 2267 176 2335 Quique
186 2268 264 2319 oculis
275 2268 352 2319 caruit
363 2300 372 2327 ,
389 2285 433 2334 pet
442 2285 503 2335 quos
513 2267 575 2319 male
585 2267 678 2338 viderat
687 2280 771 2315 autum
782 2280 790 2316 t

112 2340 213 2392 inferias
226 2341 362 2408 nato'quos
377 2342 444 2391 dedit
461 2344 520 2391 orba
534 2356 631 2409 patens.

72 2414 154 2464 Pastor
170 2426 198 2465 ut
211 2413 342 2473 AEtnaeus,
358 2415 399 2464 cui
415 2414 481 2464 casus
498 2428 555 2465 ante
571 2414 683 2469 futuros,

110 2487 226 2537 Telemus
242 2486 391 2555 Eurymedes
405 2488 551 2539 vaticinatus
566 2499 627 2537 erat.
792 2496 846 2547 270

73 2561 109 2611 Ut
127 2560 176 2611 duo
191 2558 318 2619 Phinidoe,
335 2561 421 2627 quibus
437 2561 501 2611 idem
516 2562 595 2611 lumen
611 2557 719 2615 ademit,

110 2632 161 2696 Qui
178 2632 259 2692 dedit,
276 2645 304 2683 ut
320 2633 450 2701 Thamyrae
465 2650 473 2684 ε
488 2632 674 2699 Demodocique
690 2642 772 2695 caput.

70 2708 112 2758 Sic
126 2705 210 2771 aliquis
227 2719 270 2757 tua
284 2707 389 2757 membra
403 2706 488 2765 secet,
506 2708 622 2759 Saturnus
638 2718 664 2757 ut
677 2703 730 2753 illas

107 2778 233 2829 Subsecuit
246 2791 347 2845 partes,
363 2780 428 2831 unde
445 2792 540 2831 creatus
557 2791 620 2830 erat.

70 2853 187 2907 Nec.tibi
201 2851 232 2901 sit
246 2853 333 2903 melior
348 2853 445 2904 tumidis
462 2854 591 2919 Neptunus
606 2853 633 2903 in
644 2848 734 2909 undis,
791 2862 842 2912 275

108 2924 187 2992 Quim
204 2925 245 2981 cui
258 2925 311 2979 suut
328 2925 411 2979 subite
427 2927 504 2994 frater
521 2926 547 2981 dt
563 2943 623 2977 uxos
640 2940 707 2976 aves.
