1975 3700
740 37 767 68 0

144 261 282 328 Errsr.
308 277 369 327 nx
396 263 537 330 Ponto
562 261 601 329 [η
628 263 660 334 Ι.
697 256 788 336 281'
815 297 823 308 -

65 393 516 468 esszssssQ
777 418 797 457 θ

136 547 141 564 .
233 513 579 580 EPISTOLA
620 518 663 582 V.

297 659 591 751 MAXIMO.

61 749 147 864 Lu
157 825 178 863 u
192 823 248 864 tuos
264 816 383 882 proadem
400 833 451 868 non
464 817 562 867 ultimus
577 817 641 868 inter
656 817 768 877 amicos,

96 887 133 938 Ut
151 887 191 937 sua
208 889 282 938 verba
299 891 384 958 legas,
400 889 528 949 Maxime,
546 891 611 942 Naso
626 903 705 958 rogat.

59 959 88 1010 ln
104 960 193 1026 quibus
209 961 331 1028 ingenium
347 963 433 1014 derille
449 963 576 1031 requirere
590 964 716 1022 nostrum,

96 1032 199 1087 Nescius
214 1036 292 1092 exsilii
308 1051 340 1085 ne
355 1037 456 1086 videare
470 1037 528 1088 mei.

60 1104 170 1163 Cernis,
187 1118 216 1156 ut
232 1108 342 1176 ignarum
358 1123 514 1176 corrumpant
530 1110 582 1160 otia
596 1125 706 1177 corpust
782 1124 794 1172 5

95 1179 133 1229 Ut
149 1180 246 1244 capiant
259 1181 362 1241 vitium,
381 1183 405 1232 nl
422 1195 585 1242 moveantur,
605 1201 682 1250 aque.

58 1252 90 1302 Et
105 1251 163 1301 milti
178 1253 198 1301 si
214 1253 265 1320 quis
281 1267 333 1305 erat
350 1256 453 1305 ducendi
470 1257 579 1307 carminis
595 1258 670 1316 usus,

95 1323 211 1384 Deficit-;
228 1325 310 1394 estque
326 1329 404 1379 minor
420 1329 496 1380 satius
509 1331 588 1380 inerte
606 1330 664 1379 situ.

58 1398 794 1470 llaecquoque,quaelegitis,siquorlmilri‚Meximt,tredit‚

95 1471 228 1522 Scribimus
244 1473 337 1532 inriti,
354 1476 443 1542 vixque
460 1476 561 1534 coatia,
579 1491 660 1525 manu.
781 1488 815 1524 ιο

59 1547 118 1596 Non
132 1545 231 1594 libriin
246 1549 307 1598 mles
324 1548 427 1598 animum
442 1551 591 1599 contendere
606 1563 698 1606 curere

96 1619 151 1668 Nec
168 1619 235 1669 venit
251 1620 280 1668 ad
298 1621 370 1671 duros
387 1621 457 1672 Musa
471 1635 560 1672 vocata
577 1623 666 1674 Getas.

59 1690 96 1742 Ut
111 1702 194 1740 tamen
208 1692 257 1758 ipse
270 1693 357 1753 vider,
376 1693 454 1744 luitur
470 1696 593 1745 deducere
610 1695 715 1746 versum.

96 1763 146 1814 Sed
164 1779 213 1814 non
226 1763 253 1814 lit
269 1766 321 1832 fato
337 1768 434 1818 mollior
449 1769 490 1818 ille
508 1785 575 1818 meo.

59 1836 125 1889 Cum
135 1838 240 1905 relego,
257 1837 371 1905 scripsille
382 1842 457 1907 pudet
469 1858 478 1891 τ
490 1842 545 1908 quia
556 1839 656 1907 piurima
666 1852 764 1895 cerne,
784 1849 813 1898 15

95 1908 143 1961 Me
157 1926 272 1978 quoque,
291 1914 332 1979 qui
349 1914 416 1973 feci,
434 1912 536 1980 judice,
552 1916 622 1982 digna
639 1912 690 1963 lini.
772 1924 777 1937 ‘

58 1984 115 2035 Nec
125 1995 208 2033 tamen
218 1988 321 2035 emendo
334 2003 341 2036 ι
353 1989 422 2037 labor
431 1988 488 2047 hic,
504 1992 573 2053 quidm
584 1987 688 2038 scribere
699 2019 707 2045 ,
720 1982 814 2049 major,

96 2057 221 2124 Mensquc
238 2058 287 2123 pati
301 2056 385 2109 durum
399 2060 497 2110 sustinet
512 2078 576 2127 tegra
593 2060 663 2109 nihil.

58 2130 161 2181 Scilicet
178 2130 289 2197 incipiam
306 2133 361 2181 lima
377 2132 512 2183 mordacius
528 2131 588 2183 uti?

95 2202 189 2253 Et-sub
205 2201 321 2268 judicium
337 2205 431 2274 singula
447 2208 522 2255 verba
536 2203 647 2256 vocem?
782 2217 817 2252 20

58 2276 176 2342 Torquet
184 2276 249 2326 enim
261 2278 368 2329 Fortuna
377 2294 479 2344 parum,
493 2279 539 2329 nisi
548 2279 619 2328 Nilus
630 2278 654 2326 in
663 2275 775 2325 Hebrum

96 2348 232 2408 Confluat,
249 2350 275 2401 δι
292 2351 392 2401 frondes
405 2351 507 2417 Alpibus
522 2352 595 2401 addat
609 2352 698 2400 Athos.

58 2421 211 2474 Parcendum
227 2422 260 2475 est
275 2424 355 2474 animo
369 2424 503 2475 miserabile
516 2426 605 2474 vulnus
620 2420 738 2473 habentit

73 2540 76 2547 .
95 2494 238 2546 subducant
252 2497 321 2546 oneri
338 2500 401 2549 colla
418 2497 512 2564 perusta
527 2497 614 2547 boves.

56 2569 94 2620 At
104 2601 113 2627 ,
125 2580 185 2634 puto
196 2602 203 2627 ,
216 2568 306 2619 fruitus
316 2570 397 2629 adest,
408 2569 534 2636 justissima
545 2570 617 2621 cause
623 2570 733 2619 laborum
744 2581 752 2617 t
780 2578 814 2627 25

95 2640 129 2691 Et
144 2641 192 2691 fata
207 2656 261 2691 cum
276 2643 354 2693 multo
369 2644 454 2695 fenore
471 2644 552 2693 reddit
565 2660 634 2713 ager.
826 2652 830 2657 ’

56 2715 170 2780 Tempus
180 2715 210 2765 ad
219 2715 268 2764 hoc
279 2749 286 2774 ,
301 2716 371 2767 nobis
382 2750 389 2775 ,
407 2730 506 2783 repetas
514 2716 573 2766 licet
583 2714 662 2766 omnia
673 2748 681 2773 ,
698 2714 790 2763 nullum

95 2786 213 2844 Profuit,
230 2786 325 2855 (atque
340 2791 431 2840 utinam
444 2806 494 2839 non
509 2788 628 2844 nocuiffet
642 2788 649 2837 l
661 2788 672 2853 )
686 2802 757 2854 opus.

6 2843 11 2902 l
57 2860 113 2913 Cur
129 2860 203 2927 igitur
219 2860 318 2912 scribam
331 2858 342 2911 i
357 2862 449 2912 miraris
462 2880 469 2913 ε
482 2862 556 2913 miror
574 2862 599 2913 δι
617 2862 689 2925 ipset

91 2933 128 2985 Et
144 2949 240 2986 mecum
257 2952 340 3005 quatu
357 2936 439 3004 sepe.
457 2936 586 3005 quidinde
602 2935 690 2987 feram.
779 2940 815 2995 30
