1975 3700
201 262 270 332 128
315 262 357 329 P.
387 263 583 332 orum
609 260 847 335 Nisonis

198 381 262 432 Huic
278 398 327 450 ego
342 380 455 446 juratus,
473 382 546 432 vobit
561 381 587 432 in
603 385 678 432 verba
693 387 812 444 vocatis,

235 453 359 523 Coniugio
375 455 423 504 diri
439 455 488 504 sola
502 455 583 506 fruere
598 471 665 506 tneo.
763 496 770 522 ,

198 526 230 580 Et
246 528 316 587 dixi,
332 529 357 578 δι
372 529 442 580 servo
456 529 519 579 :sed
534 529 598 578 enim
613 529 706 579 diversa
722 529 844 582 voluntas

139 613 189 666 530
237 601 276 652 Est
292 603 349 652 mihi
362 619 369 654 ι
383 617 428 652 nec
447 600 557 666 conjux,
576 603 602 653 dt
616 615 706 666 pater,
725 602 775 652 else
795 607 874 656 volo.

198 673 341 728 tinnuerunt
357 691 442 726 omnes
458 691 465 725 t
482 689 567 724 omnes
582 675 614 724 ad
628 687 697 743 terga
711 673 831 739 juvenca

237 748 400 800 Constiterant
413 749 511 814 :pudor
527 745 562 796 est
576 749 695 799 ulteriora
709 749 790 814 loqui.

198 822 263 872 Turn
278 822 348 888 super
358 819 446 887 injetlt
460 834 546 875 texere
561 821 684 870 madentia
697 822 774 872 terri.

235 894 335 960 Jamque
352 894 436 944 deceni
453 894 567 951 menses;
585 894 611 944 bt
627 911 688 959 puer
704 906 773 945 ortus
790 910 859 947 erat.

138 982 187 1030 535
201 969 273 1018 Hunc
291 967 418 1035 Hyrieus,
437 968 492 1033 quia
508 968 543 1016 sic
560 967 676 1034 genitus,
695 980 770 1019 vocat
786 969 902 1020 Uriona.

235 1041 342 1092 Perdidit
358 1041 481 1106 antiquum
498 1041 570 1090 litera
585 1041 662 1106 prima
677 1040 771 1093 sonum.

201 1113 322 1166 Creverat
337 1114 493 1164 immensum:
506 1114 621 1164 comitem
636 1113 680 1164 sibi
693 1115 768 1166 Delia
784 1115 885 1175 sumsit.

235 1189 279 1238 ille
292 1189 353 1238 Deae
368 1187 464 1245 custos,
480 1187 522 1236 ille
536 1187 632 1236 satelles
646 1201 708 1236 erat.

197 1263 282 1314 Verba
297 1274 397 1312 movent
410 1262 457 1310 iras
472 1277 523 1310 non
538 1259 705 1325 circumspedle
722 1260 850 1312 Deorum.

139 1350 188 1394 540
236 1333 315 1398 Quam
332 1351 468 1401 nequeam,
485 1334 565 1392 dixit,
581 1335 699 1392 vincere,
716 1335 782 1384 nulle
797 1336 855 1386 fera
872 1334 916 1386 est.

198 1407 318 1473 Scorpion
330 1407 425 1458 immisit
440 1407 528 1457 Tellus
540 1424 546 1457 :
559 1408 605 1458 luit
619 1406 725 1472 impetus
739 1408 776 1458 illi

233 1479 314 1530 Curva
329 1482 491 1549 gemelliparae
504 1480 593 1548 spicula
608 1479 673 1530 fene
688 1480 762 1535 Dea.

198 1553 296 1605 Obstitit
312 1553 401 1606 Orion.
417 1553 511 1604 Latona
525 1554 658 1609 nitentibus
673 1553 738 1604 alitis

233 1619 350 1678 Addidit:
364 1629 410 1686 dt,
426 1627 512 1678 Metiri
523 1626 620 1692 premia
631 1659 640 1685 ‚
657 1627 733 1685 dixit,
751 1627 829 1678 habe.

137 1717 168 1762 54
174 1718 185 1766 5
199 1699 275 1752 SED
292 1701 348 1768 quid
364 1701 390 1752 &
405 1700 504 1759 Orion,
525 1701 551 1750 dt
571 1711 654 1751 cetere
668 1700 747 1753 sidere
760 1701 857 1752 mundo

235 1772 332 1824 Cedere
347 1773 477 1833 festinant,
492 1789 590 1839 noxque
607 1773 713 1822 coarstat
728 1770 798 1824 iter?

197 1845 282 1912 Quid,
301 1847 371 1899 solito
389 1845 477 1906 citius,
496 1846 589 1913 liquido
603 1844 672 1911 jubar
689 1862 789 1914 aequore
803 1847 877 1898 tollit

234 1919 363 1981 Candida,
381 1920 498 1970 Lucifero
511 1920 695 1985 praeveniente,
713 1919 763 1970 dies
776 1917 788 1969 ἓ

169 1991 268 2045 Pallori
279 2010 308 2043 an
319 2010 384 2045 arma
395 1992 479 2046 sonant
489 1991 499 2041 ἒ
511 2010 561 2043 non
569 1992 674 2043 lellirnur
684 2008 693 2043 t
704 2008 769 2043 uma
780 1992 911 2047 sonabant.

134 2068 186 2129 55'0
234 2066 301 2116 Mare
318 2066 406 2125 venit3
426 2066 454 2117 δι
468 2066 570 2117 veniens
586 2066 673 2115 bellica
689 2066 756 2133 signe
772 2066 855 2119 dedit.

197 2140 270 2190 Ultor
287 2139 317 2189 ed
332 2140 382 2206 ipse
397 2139 452 2190 suos
469 2140 535 2189 coeio
549 2138 673 2190 descendit
688 2140 815 2198 honores,

231 2210 382 2281 Templaque
394 2212 422 2272 in
436 2211 544 2279 Augusto
561 2212 729 2277 conspicienda
744 2213 763 2265 f
765 2230 822 2263 oro.

194 2286 225 2337 Et
242 2286 311 2339 Deus
325 2287 358 2337 est
374 2288 477 2353 ingens,
497 2285 523 2337 ἃ
538 2301 600 2351 opus
611 2300 619 2335 t
632 2285 737 2335 debebat
752 2285 778 2335 in
794 2285 868 2339 Urbe

185 2388 189 2395 ·
230 2360 286 2409 Non
303 2362 372 2411 aliter
387 2360 436 2409 nati
452 2358 521 2409 Mars
536 2358 645 2408 habitare
661 2358 704 2408 sui.

34 2476 39 2485 .
134 2446 146 2493 5
153 2446 165 2496 5
172 2447 184 2495 5
198 2430 280 2499 Digna
293 2433 420 2500 Gigantdis
439 2433 490 2483 haec
509 2431 563 2482 sunt
579 2432 679 2482 delubra
693 2430 815 2496 tropaeist

143 2544 145 2551 .
231 2505 296 2555 Hinc
314 2507 364 2555 fera
382 2504 515 2555 Gradivum
531 2507 593 2555 belle
609 2521 710 2555 movere
726 2505 824 2565 docete

195 2578 245 2629 Seu
262 2579 313 2645 quis
330 2580 361 2627 ab
378 2578 432 2627 Eoo
448 2596 492 2628 nos
507 2579 595 2643 impius
610 2579 669 2627 orbe
687 2576 807 2637 lacesset,

230 2652 279 2701 Seu
295 2651 347 2718 quis
364 2652 393 2701 ab
411 2650 525 2702 Occiduo
542 2652 600 2701 Sole
618 2651 750 2700 domandus
767 2653 826 2703 erit.

195 2724 311 2791 Prospicit
328 2725 474 2790 armipotens
493 2724 574 2791 operis
590 2722 681 2791 fastigia
698 2723 806 2783 summi3

135 2798 184 2863 560
232 2798 263 2848 Et
278 2800 365 2865 probet
379 2798 481 2859 invitloe
497 2796 584 2847 summa
600 2808 686 2845 tenere
702 2796 784 2847 Deos.

194 2870 310 2937 Prospicit
326 2871 351 2922 in
367 2871 459 2923 fotibus
475 2869 574 2920 diverse
590 2870 640 2919 tela
655 2867 759 2935 figura,

230 2944 351 3015 ¹Atriaque
367 2958 484 2999 tertarum
500 2943 576 2995 milite
591 2942 654 2995 tilla
671 2942 724 2995 tuo.
