1975 3700
146 277 431 345 Tursrrurr
457 271 567 341 Lra.
594 272 681 340 111.
710 292 786 364 209

69 400 134 449 Non
147 396 261 463 equidem
276 404 353 444 rotam
368 390 460 459 poii'um
476 390 609 442 defendere
625 394 741 459 culpem:

52 460 55 465 ¹
92 522 96 527 ,
110 469 160 519 Sed
177 481 271 535 partem
285 464 359 516 nostri
374 464 478 515 criminis
494 480 564 516 error
579 466 662 517 haber.

72 544 136 611 Spes
152 543 229 610 igitur
240 538 365 606 superest,
381 538 497 587 facturum
513 550 541 587 ut
555 538 650 589 molliat
664 538 715 605 ipt'e
770 546 776 553 ‘

111 615 204 666 Mutati
220 618 317 680 poenam
334 610 473 661 conditione
491 610 551 661 ioci.
599 624 605 632 ·

74 688 150 739 Hunc
166 688 257 737 utinam
273 684 342 735 nitidi
358 684 421 735 Solis
437 683 589 749 prenuncius
606 697 686 737 ornam
798 700 811 749 5
817 701 829 749 ς

110 760 208 813 Afferat
222 758 319 810 admisto
335 756 432 807 Lucifer
444 758 514 806 albus
530 774 605 825 equo.
735 755 739 763 '

133 845 782 925 «ἔψεξεν-ε»

279 966 648 1033 ΕΒΕΟΙΑΝΙ.

73 1064 231 1181 Fenus
248 1126 357 1179 amicitie
373 1144 420 1181 nec
436 1128 492 1188 vit,
512 1126 654 1187 raduine,
671 1124 777 1187 nostre,

112 1202 187 1258 Nec,
204 1200 225 1249 si
239 1201 304 1252 forte
319 1202 381 1252 relir
395 1236 403 1261 ‚
419 1203 569 1253 dissimulare
585 1216 667 1269 poter.

73 1275 166 1325 Donec
180 1273 244 1323 eninr
260 1276 345 1333 licuit,
363 1292 409 1325 nec
424 1287 449 1326 te
464 1276 522 1325 mihi
538 1275 615 1327 carior
631 1277 713 1335 alter,

111 1348 169 1397 Nec
182 1346 227 1396 tibi
243 1364 282 1398 me
297 1349 351 1398 toti
364 1348 469 1412 juniiior
484 1346 553 1399 Urbe
566 1348 622 1399 fuir.

74 1422 148 1486 isque
165 1430 308 1489 eretusque
324 1421 387 1473 aded
401 1423 493 1489 populo
508 1420 627 1482 teiiatur,
643 1434 672 1471 ut
688 1418 748 1471 edet
799 1434 811 1481 5

112 1493 185 1544 Paene
195 1495 271 1563 magis
282 1498 351 1563 quim
362 1509 389 1545 tu
400 1529 408 1554 ‚
422 1495 542 1563 quirnque
552 1511 600 1563 ego
611 1530 618 1558 ,
634 1507 707 1545 notus
718 1503 809 1544 amora

74 1564 175 1632 Quique
193 1566 245 1618 erat
262 1568 285 1617 in
301 1568 362 1619 caris
379 1569 450 1619 animi
465 1570 510 1619 tibi
524 1569 615 1619 candor
628 1569 731 1626 amicit,

112 1639 236 1709 Cognitut
253 1640 286 1691 est
302 1642 358 1702 itti,
375 1658 446 1709 quern
462 1643 525 1692 colis
540 1642 611 1706 ipse,
629 1642 693 1691 viro.

72 1714 114 1763 Nil
130 1714 166 1765 ita
182 1715 295 1773 celabas,
315 1726 407 1765 utnon
423 1730 472 1782 ego
489 1714 599 1765 conscius
613 1714 706 1771 effem3

111 1786 300 1856 pedoribusque
316 1788 389 1837 dabar
405 1790 481 1839 multa
497 1788 603 1856 tegenda
617 1789 687 1837 meis.
801 1799 833 1834 ιο

75 1861 172 1927 Cuique
189 1878 237 1929 ego
253 1863 375 1912 narrabam
392 1861 479 1914 secreti
496 1862 610 1931 quicquid
622 1861 757 1918 habebam,

111 1935 225 2000 Excepto
241 1935 307 2000 quod
320 1952 359 1986 me
373 1935 498 2002 perdidit,
517 1950 579 1984 unus
595 1951 657 1984 eras.

75 2008 101 2056 Id
118 2023 218 2074 quoque
235 2009 255 2057 si
269 2005 366 2067 sciffes,
386 2009 450 2059 salvo
467 2008 577 2059 fruerere
592 2007 686 2065 sodaii5

110 2081 272 2147 Consilioque
287 2081 365 2132 iorem
379 2081 477 2148 sospes,
494 2082 592 2140 amice,
609 2093 665 2130 tuo.
771 2140 773 2145 Ι

75 2153 122 2204 Sed
137 2170 194 2204 mea
209 2169 247 2204 me
263 2155 288 2204 in
303 2171 398 2220 poenam
415 2154 525 2206 nimirum
539 2155 589 2205 tata
604 2154 750 2204 trahebant:
798 2165 828 2214 ις

111 2227 196 2278 Omne
213 2229 283 2277 bonae
302 2228 417 2278 claudunt
432 2227 544 2277 utilitatis
560 2228 615 2277 iter.

75 2300 130 2350 Sive
149 2300 237 2352 malum
253 2301 323 2366 potui
338 2313 419 2351 tamen
433 2301 481 2352 hoc
498 2300 575 2350 vitare
591 2297 722 2357 cavend03

112 2375 161 2424 Seu
177 2375 242 2424 tatio
257 2373 332 2424 iatum
348 2374 447 2424 vincere
463 2375 529 2424 nulia
544 2373 631 2430 valet3

75 2447 115 2496 Tu
131 2458 232 2505 tamen,
253 2463 268 2496 o
285 2445 293 2495 !
308 2447 377 2497 nobis
393 2447 437 2497 usu
450 2445 597 2510 juniiiseime
613 2448 707 2515 longo,

111 2518 171 2570 Part
186 2519 301 2570 desiderii
315 2521 416 2570 maxima
430 2536 501 2586 paene
517 2520 583 2580 mei,
795 2532 830 2566 20

74 2593 109 2642 Sis
125 2607 238 2644 memor:
252 2593 296 2651 δι,
315 2593 335 2642 si
352 2610 409 2659 quas
426 2592 485 2642 fecit
500 2593 546 2643 tibi
560 2592 636 2660 gratia
650 2591 731 2651 viter,

110 2667 167 2716 ilias
184 2681 229 2730 pro
246 2666 317 2715 nobis
332 2665 479 2732 experiare,
496 2682 568 2733 rogo.

74 2737 186 2788 Numinis
203 2750 236 2787 ut
245 2738 294 2789 iaesi
306 2737 354 2788 fiat
370 2738 517 2789 mansuetior
532 2740 588 2798 ira3

109 2811 278 2878 Mutatoque,
296 2811 374 2860 minor
388 2811 418 2862 sit
435 2829 488 2862 mea
503 2829 595 2877 poena,
614 2813 683 2861 loco.

74 2886 150 2949 quue
160 2885 194 2934 ita
206 2917 213 2942 ,
228 2884 248 2935 si
258 2885 349 2934 nullum
360 2883 438 2934 scelus
449 2885 481 2934 est
492 2886 516 2934 in
526 2885 626 2951 pedore
637 2882 737 2940 nostro,
792 2895 825 2942 25

108 2956 302 3026 Principiumque
319 2959 365 3008 mei
384 2951 485 3009 criminis
503 2975 571 3008 error
587 2958 671 3008 haber.
