1975 3700
212 297 285 370 262
336 292 858 364 P.OV11>rrNasorrrs

190 413 279 480 Quaffa
288 426 367 463 tamen
375 411 452 461 nostra
459 410 508 470 est,
519 429 569 462 non
576 411 664 471 frasta,
672 429 720 462 nec
728 415 815 463 obruta
821 413 931 482 puppi53

247 489 331 554 thue
347 487 414 535 caret
429 498 520 552 portu,
537 486 571 535 sic
585 497 667 535 tamen
681 485 758 536 exstat
772 489 854 552 aquis.

169 576 198 625 15
211 563 265 612 Nec
276 562 365 617 vitam,
379 575 425 607 nec
437 575 514 624 opes,
528 575 575 608 nec
585 558 624 624 jus
634 559 692 608 mihi
704 559 763 612 ciris
775 559 891 618 ademiez

247 632 310 698 Quae
320 633 397 682 merui
408 632 468 681 vitio
482 632 585 697 perdere
596 633 680 681 cundia
691 649 757 686 meo.

210 707 326 772 Sedquia
341 717 444 772 peccato
458 704 552 755 facinus
568 721 619 754 non
632 705 710 756 adfuit
721 707 775 764 illi,

246 781 287 830 Nil
303 779 349 829 nisi
365 795 403 828 me
418 778 501 844 patriis
515 777 587 844 jussit
602 777 680 827 abesse
696 779 767 829 focis.

209 853 293 920 thue
303 852 370 910 aliis,
381 867 507 901 numerum
515 867 618 918 quorum
626 853 803 918 comprendere
812 867 865 904 non
873 849 927 914 effi

165 941 200 976 20
248 925 383 976 Caesareum
397 939 502 982 numen,
517 924 553 973 sic
567 923 640 983 mihi,
653 927 713 976 mite
728 925 785 976 fuit.

211 998 264 1067 lpse
279 999 398 1066 relegati,
413 1013 462 1047 non
478 995 585 1056 exsulis,
601 997 678 1047 utitur
694 998 719 1048 in
734 1015 775 1049 me

245 1072 349 1124 Nomine
365 1083 441 1121 :tuta
458 1069 501 1119 suo
514 1069 596 1135 judice
613 1069 680 1120 eausa
696 1089 749 1122 mea
765 1069 809 1122 est.

210 1145 269 1198 Jure
284 1145 358 1212 igitur
371 1143 471 1201 laudes,
490 1141 590 1202 Cesar,
607 1159 653 1209 pro
668 1157 739 1209 parre
754 1143 822 1194 virili

245 1218 357 1269 Carmina
374 1215 452 1267 nostra
467 1227 538 1275 tuas,
554 1217 753 1284 qualiacumque,
772 1227 875 1269 canunt.

165 1305 197 1354 25
211 1291 224 1344 J
227 1307 277 1342 ure·
284 1291 374 1348 Deos,
390 1301 419 1339 ut
432 1288 510 1339 adhuc
527 1289 584 1340 coeli
597 1290 641 1338 tibi
656 1291 737 1341 iimina
751 1291 883 1349 claudant,

243 1365 330 1430 Teque
346 1363 422 1412 veiint
435 1363 487 1413 sine
504 1362 546 1422 se,
567 1360 726 1428 comprecor,
743 1361 790 1413 effe
806 1363 900 1413 Deum.

208 1437 287 1504 Optat
294 1437 358 1486 idem
366 1435 472 1501 Populus
483 1453 493 1494 3
508 1435 547 1486 sed
556 1448 584 1486 ut
593 1435 617 1486 in
627 1449 692 1486 mare
701 1437 798 1486 flumina
806 1435 916 1495 vastum,

244 1509 285 1560 Sic
300 1511 362 1560 solet
376 1509 469 1577 exiguae
484 1525 582 1559 currere
597 1509 661 1559 rivus
676 1527 754 1576 aquae.

209 1582 242 1634 At
256 1595 285 1639 tu
301 1583 440 1640 fortunam,
458 1581 526 1649 cujus
541 1597 619 1632 vocor
632 1581 698 1632 exsui
713 1585 744 1632 ab
759 1598 827 1642 ore,

165 1667 199 1720 30
246 1657 352 1707 Nomine
367 1655 476 1705 mendaci
494 1670 567 1722 parte
584 1671 684 1724 gravare
702 1671 792 1706 meam.

205 1745 856 1820 e—-=--—==i³==-·=--e

327 1817 585 1929 ΕἰΕοιΑ
625 1862 733 1926 xrr.

166 2084 170 2093 Ι
212 1961 357 2081 Serum
368 2057 375 2083 ,
386 2036 414 2073 ut
425 2020 543 2073 obletiem
553 2021 629 2073 studio
639 2020 795 2089 lacrymabile
804 2031 916 2089 tempus,

243 2098 282 2147 Ne
298 2099 398 2165 pereunt
412 2096 476 2161 turpi
489 2097 587 2161 peston
601 2095 679 2146 nostra
695 2095 753 2145 situ.

207 2169 313 2222 Difficile
322 2169 544 2237 est‚qnod,amice‚
553 2166 916 2233 monestquiacarminaIetun
976 2219 977 2236 ἢ

244 2246 305 2295 Sunt
317 2260 377 2310 opus
387 2277 396 2302 ,
408 2242 434 2293 bt
446 2256 530 2307 pacem
541 2241 628 2291 mentis
638 2242 728 2291 habete
737 2241 834 2290 volunt.
976 2239 977 2252 ¹

182 2335 195 2385 5
209 2317 295 2368 Nostra
309 2334 353 2383 per
365 2314 475 2366 adversas
491 2314 569 2383 agitur
581 2314 688 2365 Fortuna
703 2313 825 2380 procellas
832 2329 845 2373 ς

150 2386 153 2396 '
243 2392 315 2441 Sorte
330 2406 377 2439 nec
391 2390 439 2438 ulla
454 2386 508 2437 med
521 2386 612 2438 tristior
626 2384 673 2437 esse
687 2386 777 2453 potest.

206 2464 304 2532 Exigis,
319 2474 346 2511 ut
362 2460 467 2511 Priamus
483 2472 594 2511 natorum
609 2460 693 2511 funere
707 2460 791 2520 ludat,

242 2538 274 2587 Et
289 2535 370 2585 Niobe
386 2532 458 2585 festos
473 2534 545 2587 ducat
558 2545 587 2587 ut
602 2535 660 2584 orba
672 2534 770 2583 choros.

205 2609 335 2665 Ludibus,
347 2624 378 2656 an
393 2606 468 2657 studio
480 2607 568 2657 videor
583 2607 673 2658 debere
687 2604 767 2658 teneri
777 2600 797 2667 ,¹

163 2700 196 2737 ιο
242 2683 313 2733 Solus
328 2681 352 2730 in
365 2692 486 2749 entremos
497 2678 571 2745 juiius
582 2680 648 2730 abire
660 2676 761 2731 Getas?

205 2757 258 2808 Des
273 2756 332 2805 licet
345 2752 385 2803 hic
401 2754 481 2803 valido
494 2753 578 2821 peiius
592 2752 650 2802 mihi
665 2754 756 2804 robore
769 2751 855 2804 solnm
863 2772 876 2815 9

241 2830 312 2879 Fama
328 2828 403 2879 refert
418 2824 494 2895 Anyti
509 2826 578 2891 quale
591 2824 658 2875 fuiffe
675 2843 739 2885 reo;

205 2900 288 2954 Fradia
302 2900 372 2951 cadet
387 2911 460 2949 tantae
473 2898 587 2965 sapientia
601 2900 666 2949 mole
680 2895 769 2954 ruin'ae.
814 2895 818 2900 ⁴

241 2974 297 3025 Plus
313 2975 379 3025 valet
395 2974 504 3023 humanis
516 2972 609 3024 viribus
623 2972 657 3024 ira
670 2972 733 3026 Dei.
