1975 3700
217 222 291 361 πῄ
333 270 602 340 Ρ.Ὀνιι>ιι
627 270 860 339 Nasoms

181 408 183 413 ·
213 388 326 439 Carmina
341 400 444 439 muratas
459 387 583 438 hominum
596 388 701 439 dicentia
717 391 831 442 formas:

251 462 339 512 Infelix
355 462 444 511 domini
462 462 528 529 quod
544 461 600 529 suga
614 463 680 529 repit
696 480 769 529 opus.

173 550 203 600 15
217 534 279 586 Haec
296 552 343 603 ego
360 535 503 594 discedens,
522 535 586 585 sicut
600 538 663 586 bene
678 539 751 587 multa
767 554 904 598 meorum,

252 609 304 675 lpse
319 608 375 657 mei·
388 609 457 675 posui
472 608 565 660 maestus
581 609 605 657 in
621 610 677 677 igne
693 627 775 659 manu.

216 684 302 749 thue
317 682 428 732 cremasse
445 682 511 731 suurn
529 682 607 732 fertur
621 682 662 732 sub
677 682 754 749 stipite
772 697 859 733 natum

252 754 381 813 Thestias,
397 756 428 807 ’δι
443 756 530 805 melior
545 768 621 805 matre
638 756 704 805 ftusse
721 756 812 814 (στοις

216 828 257 893 Sic
272 844 321 895 ego
336 846 385 885 non
402 829 523 886 meritos,
540 845 635 878 mecum
649 829 777 896 peritura,
797 830 898 882 libellos

174 918 208 953 20
255 900 359 967 imp'osui
376 902 484 967 rapidis,
501 901 594 951 viscera
610 902 706 960 nostra,
724 903 800 969 rogis.

181 988 184 995 “
219 974 269 1031 Vei
280 974 345 1041 quod
357 990 421 1024 eram
433 974 515 1024 Musas
527 1010 534 1034 ,
552 987 580 1024 ut
590 976 688 1025 crimina
698 974 797 1035 nossra,
813 978 931 1044 perosur;

254 1048 305 1097 Vei
316 1047 380 1114 quod
391 1048 468 1097 adhuc
480 1048 591 1098 crescens
604 1050 630 1100 &
639 1049 699 1098 rude
709 1050 808 1099 tannen
821 1064 887 1100 erat.

221 1120 285 1185 Quae
296 1122 407 1186 quoniam
418 1137 468 1171 non
479 1120 533 1171 sunt
542 1123 639 1187 penitus
649 1123 738 1171 sublata
749 1155 756 1180 ,
771 1123 815 1173 sed
825 1124 932 1182 exstant,

257 1193 367 1244 Pluribus
384 1194 501 1261 exemplis
515 1195 603 1261 scripta
617 1194 685 1245 fuisse
699 1212 766 1247 reor.

165 1280 209 1331 ‘25
222 1268 294 1317 Nunc
309 1283 397 1332 precor
413 1280 440 1317 ut
456 1268 560 1326 vivant,
580 1268 606 1320 δι
621 1286 672 1317 non
687 1267 773 1336 ignava
788 1269 916 1340 legentiuu

258 1340 318 1391 Otia
333 1340 474 1401 delestent,
492 1342 686 1408 admoneantque
702 1342 761 1392 mei.

220 1414 276 1465 Nec
291 1426 372 1463 tamen
387 1415 427 1464 illa
444 1414 494 1481 legi
509 1426 626 1479 poterunt
640 1416 761 1482 patienter
776 1417 808 1464 ab
825 1419 900 1476 ullo,

258 1487 360 1537 Nesciet
375 1488 413 1537 hir
430 1488 541 1537 summam
556 1488 576 1537 si
592 1488 645 1555 quis
659 1488 737 1537 abesse
752 1505 865 1541 manum.

221 1556 335 1609 Abiasum
353 1561 439 1611 mediis
458 1574 519 1626 opus
534 1560 567 1611 est
582 1562 709 1611 incudibus
723 1562 807 1621 ilsud3

179 1645 212 1696 30
259 1632 346 1683 Defuit
363 1634 388 1683 ὅ(
404 1633 498 1699 scriptis
514 1634 597 1684 ultima
613 1635 668 1684 lima
684 1634 753 1685 meis.

117 1712 119 1717 ’
223 1704 256 1756 Et
270 1707 366 1756 veniam
380 1724 425 1772 pro
441 1708 512 1757 la'ude
528 1720 588 1773 peto
599 1723 607 1759 ε
619 1707 730 1759 laudatus
745 1704 864 1769 abunde,

260 1778 448 1831 Nonfaffiditus
461 1781 482 1831 si
498 1780 560 1839 tibi,
577 1780 681 1839 Lesbor,
700 1798 753 1833 ero.
822 1795 826 1801 ·

222 1852 279 1906 Hos
292 1869 390 1921 quoque
407 1856 448 1905 sex
462 1856 565 1914 versus,
580 1856 606 1905 in
621 1857 691 1922 primi
705 1857 789 1907 fronte
805 1856 887 1906 libelli

262 1927 289 1976 Si
304 1928 480 1994 praeponendos
493 1928 541 1978 esse
557 1930 671 1993 putabis,
688 1931 760 1980 habe.

173 2011 213 2076 x35
228 1999 297 2050 Orba
311 2014 412 2066 parente
428 2001 470 2052 suo
487 2001 633 2069 quicumque
645 2004 768 2052 volumina
779 2003 864 2070 tangis
875 2020 884 2062 ;

261 2072 306 2122 His
323 2073 405 2124 saltem
419 2073 498 2125 vestri
513 2076 583 2126 detur
599 2075 624 2125 in
637 2076 705 2126 Urbe
722 2077 803 2125 locus.

204 2165 211 2177 ·
226 2144 333 2211 Qudque
343 2147 417 2216 magis
430 2149 532 2207 sareas,
550 2165 599 2198 non
615 2149 668 2200 sunt
679 2149 731 2199 haec
744 2149 811 2197 edita
824 2150 855 2197 ab
871 2149 933 2214 ipso,

260 2217 310 2268 bed
325 2221 392 2286 quasi
409 2221 439 2271 de
454 2221 545 2272 domini
561 2223 646 2272 sunere
662 2232 729 2287 rapta
744 2221 789 2271 sui.

228 2291 352 2359 Quidquid
363 2293 390 2343 in'
401 2294 438 2343 his
452 2293 528 2362 igitur
540 2293 594 2344 vitii
609 2295 669 2344 rude
681 2311 778 2346 cannen
794 2294 914 2351 habebit,

181 2377 216 2424 40
263 2365 459 2428 Emendeturus‚
477 2367 499 2418 si
513 2363 633 2427 linisset,
651 2376 727 2422 eram.¹
