1975 3700
148 260 448 328 Fxsroxum
474 257 587 326 Lra.
616 265 658 329 V.
714 264 810 353 115'

19 437 20 446 ἵ
74 377 166 428 Martis
179 393 239 442 opus
250 375 370 442 juvenes,
384 376 536 443 animosaque
548 377 630 435 bella,
643 380 760 447 gerebant
773 389 782 430 t

117 451 149 501 Et
164 468 208 517 pro
221 450 267 506 Dis
278 450 379 500 aderant
391 451 415 498 in
428 449 529 500 statione
541 451 596 501 suis.
817 450 852 502 60

18 573 19 576 ,
76 521 179 578 Viribus
193 525 232 574 illa
247 524 343 581 πιίηοτ,
361 539 406 572 nec
420 524 536 573 habendis
552 525 618 574 utilis
634 526 723 584 armis,

61 609 64 614 ·
117 596 228 646 Consilio
246 597 329 663 patriae
345 596 405 662 sepe
421 595 517 648 serebat
532 613 614 664 opem.

77 671 135 720 Nec
151 670 196 719 nisi
212 669 264 736 poll
278 685 355 720 annos
370 670 447 735 patuit
462 683 522 720 tunc
537 671 611 720 Curia
627 671 713 730 seron

117 744 214 792 Nomen
228 743 254 794 δι
268 743 346 794 etatis
360 743 419 793 mite
433 744 537 794 Senatus
554 756 616 794 erat.

76 816 138 868 Jura
154 817 224 866 dabat
238 818 330 883 populo
347 814 442 866 senior:
454 815 569 883 finitaque
582 817 658 868 tertis
818 813 851 878 65

117 889 223 957 Legibus
238 889 271 939 esl
285 901 362 948 artas,
378 889 442 940 unde
455 901 552 954 petatur
565 891 654 941 honos.

77 963 111 1014 Et
128 963 220 1012 medius
235 961 369 1029 juvenum,
387 979 436 1012 non
450 963 626 1030 indignantibus
641 963 716 1030 ipsis,

118 1037 171 1086 ibat
183 1053 190 1086 ε
204 1035 229 1086 &
241 1038 360 1094 interior,
377 1036 397 1086 si
409 1053 492 1086 corner
507 1053 569 1086 unus
583 1050 645 1087 erat.
743 1049 748 1062 ·

78 1111 165 1163 Verba
182 1110 234 1176 quis
251 1110 353 1160 auderet
369 1125 449 1160 coram
467 1109 524 1160 sene
540 1110 611 1178 digna
623 1110 713 1161 rubore

118 1178 234 1233 Dicere?¹
253 1183 375 1233 censuram
391 1184 463 1251 longa
481 1183 574 1233 senella
592 1183 672 1233 dabat.
818 1197 854 1246 7o

80 1255 200 1306 Romulus
213 1257 262 1306 hoc
279 1257 358 1312 vidit,
378 1255 513 1323 selellaque
529 1256 626 1323 pellora
644 1255 729 1306 Patres

119 1329 209 1380 Dixit:
227 1329 257 1380 ad
271 1330 316 1379 hos
333 1329 405 1380 Urbis
422 1329 509 1380 summa
525 1330 601 1379 relata
615 1346 697 1380 novae.

82 1402 147 1453 Hinc
162 1402 201 1452 sua
215 1401 318 1469 majores
336 1402 435 1469 posuisse
449 1402 571 1453 vocabula
585 1401 656 1471 Majo

118 1477 237 1544 Tangor,
258 1477 284 1527 δι
301 1477 367 1526 etati
385 1475 525 1526 consuluisse
541 1476 596 1526 suae.
921 1529 924 1534 ,

81 1549 115 1599 Et
133 1550 245 1600 Numitor
260 1547 340 1598 dixill'e
354 1547 452 1616 potest,
469 1550 527 1608 Da,
545 1549 668 1609 Romule,
684 1547 791 1598 mensem
819 1560 853 1611 75

120 1622 192 1672 Hunc
205 1622 298 1672 senibus
308 1639 316 1680 3
328 1638 374 1671 nec
385 1639 455 1672 arum
466 1621 594 1672 suslimrill'e
604 1639 690 1688 nepos.

79 1697 136 1747 Nec
148 1698 204 1745 leve
215 1695 340 1762 prepositi
351 1696 435 1761 pignus
447 1694 565 1744 successor
576 1695 675 1745 honoris

119 1769 223 1826 Iunius,
240 1785 253 1816 a
270 1767 384 1832 juvenum
401 1768 497 1817 nomine
516 1768 610 1826 diuus,
626 1769 710 1818 habet.

82 1843 149 1893 Tum
167 1841 220 1901 sic,
240 1841 364 1909 negleilos
380 1841 469 1892 hederi
484 1841 595 1892 redimita
615 1842 735 1909 capillos,

122 1916 199 1966 Prima
216 1916 248 1965 sui
267 1916 341 1981 coepit
359 1914 485 1982 calliopea
504 1916 593 1966 chori:
821 1912 856 1963 80

83 1990 196 2039 Duxerat
213 1989 328 2039 Oceanus
344 1991 464 2055 quondam
480 1989 594 2039 Titanida
608 1988 728 2056 Tethyn,

123 2063 172 2127 Qui
187 2074 276 2112 terram
290 2063 405 2130 liquidis,
425 2066 471 2130 qud
489 2074 577 2128 patet,
596 2061 671 2112 ambit
688 2060 764 2127 aquis.

85 2136 149 2186 Hinc
165 2137 213 2186 sata
230 2135 333 2186 Pleione
353 2152 407 2186 cum
427 2136 538 2187 coelifero
556 2136 657 2187 Atlante

120 2210 134 2262 J
136 2210 250 2277 ungitur,
264 2222 292 2258 ut
305 2209 366 2259 lama
380 2208 432 2267 est;
451 2208 607 2275 Pleiadasque
622 2209 702 2276 parit,

86 2282 193 2347 Quarum
205 2281 272 2347 Maja
284 2282 335 2332 suas
346 2282 423 2333 sormi
434 2280 550 2347 superasse
561 2282 656 2331 sorores
822 2276 837 2327 8
843 2291 854 2338 5

63 2351 66 2357 ’
121 2356 257 2413 Traditur,
279 2354 304 2405 δι
322 2355 412 2405 summo
432 2353 584 2405 concubuisse
602 2353 667 2406 lovi.

85 2429 146 2479 Haec
162 2428 233 2477 enixa
247 2427 306 2495 jugo
328 2429 494 2493 cupressiferae
513 2427 629 2495 Cyllenes

121 2498 257 2550 AEtherium
270 2502 365 2551 volucri
383 2502 423 2568 qui
440 2501 503 2567 pede
518 2502 594 2567 carpit
610 2501 667 2551 iter.

84 2574 194 2625 Arcades
209 2574 292 2631 hunc,
311 2574 443 2640 Ladonque
459 2590 552 2639 rapax,
571 2574 598 2624 bt
618 2574 739 2624 Maenalus
755 2570 840 2639 ingens

122 2647 179 2697 Rite
199 2648 301 2704 colunt,
320 2646 388 2696 Luni
408 2647 499 2695 credita
517 2658 581 2697 terra
600 2648 675 2713 prior.
823 2656 858 2707 90

85 2720 158 2772 Exsul
174 2720 203 2767 ab
219 2719 328 2769 Arcadiis
346 2720 427 2770 Latios
446 2719 558 2770 Evander
573 2722 598 2770 in
614 2736 686 2790 agros

121 2794 252 2851 Venerat,
269 2792 394 2857 impositos
413 2793 575 2861 attuleratque
593 2794 673 2845 Deos.

86 2866 134 2918 Hic
145 2901 152 2923 ,
163 2867 204 2916 ubi
216 2883 281 2917 nunc
291 2864 368 2916 Roma
379 2866 412 2917 esl
423 2868 486 2918 orbis
498 2880 571 2933 caput
582 2901 590 2925 ,
601 2868 673 2917 arbor
684 2864 802 2917 &herbae
813 2896 821 2920 ,

123 2940 154 2991 Et
168 2957 253 3008 paucae
264 2941 389 3008 pecudes,
407 2941 434 2993 δι
449 2942 502 2993 casa
518 2958 572 2991 raca
584 2938 639 2993 suit.
