1975 3700
199 217 251 292 24
301 199 817 297 P.OV1nrrN11sonrs.

194 320 250 370 Nec
264 319 324 370 levis
338 320 456 379 ambitio,
472 319 616 387 perfusaque
631 322 709 389 gloria
721 323 799 382 fuco,

231 393 410 460 Magnarumve
419 395 501 444 famer
516 394 647 445 solicitavit
660 411 746 462 opum.

131 473 180 525 305
195 465 338 518 Admovere
350 467 427 518 oculis
437 465 545 518 distantia
557 468 637 519 sidera
650 467 753 529 nostris,

230 539 381 608 AEtberaque
396 541 497 609 ingenio
513 540 658 608 supposuere
675 543 727 592 suo.

194 614 234 665 Sic
247 614 338 680 petitur
352 615 440 664 coelum
452 630 459 666 ε
471 631 522 664 non
535 627 563 665 ut
573 615 635 665 ferat
645 615 719 666 Ossan
730 613 872 684 Olympus,

231 687 375 755 Summaque
387 686 497 739 Peliacus
512 688 592 738 sidera
605 700 688 756 tangat
702 705 774 755 apex.

193 763 247 814 Nos
258 778 356 828 quoque
371 761 413 811 sub
425 763 525 814 ducibus
537 762 625 812 coelum
635 763 779 812 metabimur
787 761 856 825 illis,

95 885 97 889 ,
132 845 185 898 310
232 834 401 903 Ponemusque
417 836 473 886 suos
487 835 519 885 ad
533 835 591 885 stata
604 834 672 903 signa
687 836 749 885 dies.

193 907 310 962 ERGO
321 909 362 959 ubi
376 925 426 960 nox
436 909 515 959 aderit
524 909 635 959 venturis
645 908 716 958 tertia
726 907 805 958 Nonis
816 940 826 966 ,

230 982 364 1050 Sparsaque
376 983 467 1034 coelesti
476 999 533 1032 rore
544 981 651 1032 madebit
660 983 766 1041 humus,
790 1004 794 1008 <
840 988 843 995 ’

195 1055 321 1123 Offipedis
334 1057 416 1107 frustra
427 1067 568 1122 quaeruntur
577 1055 676 1106 brachia
688 1053 798 1107 cancri:

230 1130 341 1195 Praeceps
353 1129 467 1179 occiduas
477 1128 518 1178 ille
529 1127 616 1178 subivit
625 1145 708 1196 aquas.

61 1203 63 1208 '
131 1198 916 1271 315INST1TERINTNonae'2missitibinubibusatris

230 1277 301 1344 Signa
316 1275 407 1326 dabunt
419 1275 528 1336 imbres,
542 1277 669 1327 exoriente
680 1274 755 1343 Lyrd.

193 1347 370 1416 QUATTU
377 1347 432 1400 OR
441 1349 504 1400 adde
516 1350 568 1400 dies
577 1348 653 1400 duilio
663 1365 696 1400 ex
706 1347 791 1400 ordine
801 1346 902 1409 Nonis,

229 1423 244 1476 J
246 1439 305 1473 anus
316 1421 422 1490 Agonali
433 1424 490 1473 luce
502 1423 604 1489 piandus
615 1422 671 1473 erit.

192 1495 303 1549 Nominis
314 1496 361 1546 else
375 1508 448 1562 potes
460 1496 592 1548 succindrus
606 1496 676 1546 caula
688 1495 811 1553 minister,

131 1589 184 1643 320
231 1568 315 1632 Hostia
332 1569 479 1629 Coelinbus,
498 1586 546 1640 quo
558 1569 681 1630 feriente,
698 1571 773 1622 cadit.

172 1666 175 1671 ·
194 1645 246 1711 Qui
261 1643 339 1694 calido
352 1643 443 1696 llriflos
458 1643 574 1696 tincturus
586 1643 703 1711 sanguine
715 1647 825 1702 cultros,

231 1719 352 1786 Semper,
369 1715 479 1787 Agonei
494 1735 585 1786 rogas,
602 1733 648 1768 nec
665 1717 712 1768 nisi
723 1715 797 1783 juffus
811 1713 874 1784 agis.

194 1792 268 1853 Pars,
279 1809 333 1860 quta
342 1809 391 1842 non
399 1790 679 1858 ventantpecudes,sed
688 1805 806 1861 agantur
812 1787 914 1840 abaklu

230 1867 328 1919 Nomen
338 1866 476 1934 Agonalem
490 1865 569 1915 credit
582 1866 673 1915 habere
688 1864 761 1916 diem.

132 1958 182 2013 325
197 1940 254 1992 Pars
269 1951 338 2006 putat
352 1940 400 1990 hoc
415 1938 500 1989 festum
514 1938 597 2005 priscis
607 1937 710 2006 Agnalia
726 1936 836 1997 dietum

231 2015 288 2065 Una
302 2014 334 2063 sit
346 2025 374 2063 ut
384 2012 485 2099 proprio
500 2013 570 2062 litera
585 2011 666 2062 demta
680 2014 748 2063 loco.

194 2086 254 2147 An,
274 2086 329 2153 quia
338 2085 471 2171 praevilos'
464 2103 488 2136 m
502 2104 563 2153 aqua
573 2085 642 2135 timet
652 2085 728 2136 hostia
740 2087 832 2138 cultros
843 2114 852 2145 ,

231 2160 253 2211 A
263 2161 360 2225 pecoris
370 2161 413 2209 lux
423 2158 457 2211 est
467 2158 508 2209 ista
519 2171 603 2211 notata
611 2159 704 2210 metu?

193 2232 250 2286 Pars
266 2232 355 2293 etiam,
372 2230 425 2283 fieri
440 2233 514 2284 solitis
529 2245 602 2285 aetate
616 2232 742 2299 priorum,

132 2324 185 2379 330
232 2306 337 2357 Nomina
351 2306 382 2356 de
396 2306 459 2357 ludis
475 2304 642 2372 Grajatulille
657 2307 733 2359 diem.
802 2358 835 2378 Ι,

150 2382 227 2433 Et
239 2396 315 2447 pecus
329 2378 441 2445 antiquus
456 2379 552 2432 dicebat
562 2379 659 2449 Agonia
671 2380 772 2439 sermo5
822 2430 826 2437 ,

228 2454 346 2521 Veraque
360 2452 452 2521 judicio
467 2452 501 2505 eil
514 2454 596 2506 ultima
611 2455 680 2506 causa
693 2472 761 2505 meo.
884 2504 892 2515 ,

193 2528 278 2595 thue
289 2544 318 2578 ea
329 2544 393 2578 nune
404 2539 470 2579 certa
481 2526 515 2579 est
527 2561 535 2589 ,
552 2529 587 2579 ita
597 2528 652 2579 Rex
661 2530 758 2595 placare
767 2524 892 2578 sacrorum

231 2600 337 2653 Numina
349 2601 462 2668 lanigerae
476 2600 581 2670 conjuge
597 2602 670 2652 debet
684 2602 748 2655 ovis.

132 2692 146 2748 3
151 2691 164 2746 3
171 2692 183 2743 5
195 2675 317 2734 Villium,
337 2690 391 2741 quae
403 2674 488 2725 dextri
498 2675 587 2726 cecidit
596 2674 713 2735 vidirice,
728 2684 849 2728 vocatura

229 2748 344 2811 Hostibus
359 2765 373 2797 a
388 2749 460 2798 motis
476 2748 551 2799 hollia
565 2765 655 2799 nornen
667 2750 751 2800 babet.

192 2822 260 2876 Ante
272 2823 281 2881 ι’
296 2822 369 2873 Deos
383 2820 475 2872 homini
488 2822 555 2888 quod
567 2822 697 2872 conciliare
712 2822 828 2880 valeret,
885 2838 890 2845 ·

230 2896 249 2951 F
251 2912 276 2947 ar
287 2906 359 2957 erat,
374 2894 401 2949 ἃ
412 2897 467 2963 puri
478 2895 559 2949 lucida
568 2894 631 2949 nica
645 2894 709 2953 salis.

790 2968 912 3025 Nondum
