1975 3700
335 194 512 260 lars.
698 192 771 286 383

53 316 135 379 inque
152 328 226 378 pecus
244 309 321 361 subird
337 311 435 379 Magnae
451 324 548 365 vertare
565 309 695 371 Parentis,

95 386 181 439 Vislor
194 397 222 434 ut
236 383 271 434 est
287 385 363 436 celeri
378 385 488 452 visiaque
504 385 571 435 versa
586 385 659 451 pede.

55 460 165 524 Solaque
182 457 284 508 Limone
301 475 397 523 poenam
415 474 446 508 ne
464 457 563 509 senserit
578 459 661 516 illam,

96 531 128 582 Et
143 544 186 581 tua
202 531 275 581 dente
288 531 343 580 fero
359 531 451 582 viscera
469 543 552 598 carpat
568 548 653 597 equus.
782 531 834 593 460

60 605 132 665 Aut,
151 616 180 654 ut
194 603 370 663 Cassandreus,
389 604 487 654 domiuo
502 621 552 654 non
568 606 648 656 mitior
664 605 706 656 illo
719 637 727 664 ‚

97 678 198 731 Saucius
216 677 305 745 ingesta
323 678 496 728 contumuleris
514 679 597 728 humo.

60 752 136 807 Aut,
154 763 183 803 ut
197 750 364 810 Abantiades,
382 763 425 802 aut
441 763 469 801 ut
487 749 617 819 Cygneius
633 751 727 811 beros,

99 823 202 875 Clausus
217 823 242 872 in
258 840 384 890 aequoreas
400 824 559 890 praecipiteris
574 842 657 892 aquas.

60 897 168 949 vittima
182 897 223 948 rel
239 896 334 947 Phoebo
351 898 427 948 sacras
444 896 553 948 madetis
571 898 602 947 ad
619 913 692 957 aras,
784 893 833 959 465

99 970 181 1034 Quam
196 970 252 1020 tulit
267 987 282 1018 a
298 971 360 1020 saevo
376 969 522 1020 Theudotus
539 970 605 1020 hoste
622 987 718 1022 necem.

60 1045 115 1096 Aut
132 1056 158 1093 te
175 1043 298 1096 devoveat
305 1043 387 1094 certis
402 1043 500 1094 Abdera
517 1043 621 1102 diebus,

99 1117 212 1182 Saxaque
227 1117 343 1167 devotum
357 1117 472 1186 grandine
487 1119 555 1183 plura
572 1127 666 1182 petant·

63 1190 116 1240 Aut
133 1188 202 1242 Jovis
218 1189 296 1240 infesti
312 1190 364 1239 telo
381 1190 469 1240 feriare
484 1190 603 1249 trisulco,

99 1262 139 1312 Ut
154 1262 218 1313 satus
234 1263 389 1329 Hipponoo,
407 1263 591 1330 Dosithoe'sque
608 1274 698 1329 pater:
785 1257 839 1326 ¹470

63 1337 102 1389 Ut
121 1335 191 1386 soror
206 1335 356 1395 Autonods,
375 1349 403 1386 ut
420 1337 459 1387 cui
473 1349 604 1386 matertere
619 1333 688 1401 Maja
704 1333 757 1386 est:

101 1409 140 1459 Ut
155 1407 249 1458 temere
265 1422 364 1475 optatos
378 1410 420 1476 qui
435 1407 498 1459 male
515 1409 578 1460 rexit
593 1426 678 1476 equos.

62 1479 102 1543 Ut
120 1481 186 1531 serus
199 1481 328 1542 AEolides,
344 1493 373 1532 ut
389 1482 501 1550 sanguine
516 1493 598 1532 cretus
612 1482 719 1540 eodem,
811 1546 814 1550 Ι

103 1554 165 1618 Quo
177 1557 259 1622 genita
269 1554 302 1606 est
314 1589 321 1614 ,
338 1555 434 1621 liquidis
445 1572 498 1622 quae
509 1567 575 1606 caret
586 1554 673 1605 Arslos
683 1553 760 1620 aquis.

64 1628 101 1678 Ut
113 1627 223 1679 Macedo
234 1629 321 1695 rapidis
333 1627 379 1678 icta
390 1627 423 1678 est
434 1645 488 1678 cum
500 1626 605 1696 conjuge
615 1627 714 1678 flammis
725 1661 734 1688 ,
789 1641 823 1690 47
829 1641 837 1688 5

102 1701 166 1760 sic,
184 1719 292 1767 precor,
310 1701 411 1752 aetherei
427 1701 528 1751 vindicis
545 1702 601 1766 igne
619 1700 699 1752 cadas·
774 1748 777 1758 .

64 1772 186 1843 Praedave
202 1775 234 1825 sis
248 1775 314 1833 illis,
331 1776 416 1842 quibus
431 1774 464 1825 est
479 1774 580 1824 Latonia
595 1773 691 1832 Delos,

104 1848 174 1897 Ante
188 1847 251 1899 diem
265 1862 353 1914 rapto,
369 1866 419 1899 non
434 1849 560 1906 adeunda,
576 1846 667 1898 Thaso.
758 1876 761 1882 ι

68 1920 175 1987 Quique
189 1922 335 1973 verecundae
352 1922 516 1987 speculantem
533 1922 598 1971 labra
614 1920 701 1972 Dianae
710 1954 719 1981 ‚

105 1993 208 2060 Quique
224 1995 390 2061 Crotopiaden
406 1994 525 2061 diripuere
540 1995 627 2045 Linon.
792 1990 845 2055 480

66 2069 144 2117 Neve
160 2080 283 2118 venenato
298 2066 375 2119 levitis
392 2068 484 2119 feriaris
498 2069 528 2117 ab
542 2084 637 2135 angue,

109 2139 192 2203 Quam
208 2140 272 2191 senis
288 2140 369 2209 (Iagri
385 2141 557 2207 Calliopesque
574 2155 669 2196 nurusa

70 2214 153 2277 Quam
164 2230 225 2279 puer
236 2212 385 2281 Hypsipyles
396 2230 404 2263 t
416 2216 485 2280 quam
498 2212 537 2279 qui
549 2229 607 2262 cava
617 2212 705 2279 primus
716 2208 787 2262 acutd

110 2284 218 2351 Cuspide
236 2286 334 2352 suspesli
350 2286 439 2337 robora
454 2284 506 2335 fixit
522 2286 588 2351 equi.

71 2360 146 2409 Neve
163 2360 251 2427 gradus
267 2360 339 2409 adeas
354 2359 476 2425 Elpenore
492 2356 585 2409 cautius
599 2358 682 2410 altos:
792 2356 827 2419 48
833 2373 844 2419 5
858 2421 861 2427 ,

107 2432 218 2499 Vimque
233 2432 297 2483 seras
311 2433 380 2491 vini,
399 2449 447 2499 quo
463 2432 519 2481 tulit
535 2432 576 2481 ille
594 2432 676 2483 modo.

71 2504 185 2572 Tamque
196 2505 268 2555 cadas
278 2505 398 2563 domitus,
411 2507 479 2571 quim
490 2500 597 2571 quisquis
607 2505 637 2553 ad
647 2521 710 2559 arma
721 2514 847 2555 vocantem

110 2577 182 2631 Iuvit
198 2579 351 2630 inhumanum
365 2578 541 2628 Thiodamanta
559 2576 668 2663 Dryops.

70 2651 158 2717 Quam
175 2652 241 2702 serus
258 2652 308 2718 ipse
324 2652 366 2702 suo
381 2651 453 2717 periit
467 2651 581 2700 mallatus
596 2668 620 2700 m
635 2664 705 2701 antro

112 2724 234 2775 Proditus
245 2725 342 2775 inclusa
359 2724 438 2775 Cacus
452 2726 481 2773 ab
499 2740 542 2773 ore
558 2724 637 2773 bovis.
796 2736 849 2787 490

8 2845 9 2852 ,
69 2797 157 2867 Quam
175 2798 214 2863 qui
231 2799 294 2847 dona
310 2800 366 2849 tulit
377 2797 479 2849 Lernaeo
494 2797 568 2847 tinsla
582 2814 699 2855 veneno,

113 2870 288 2939 Euboicasque
303 2871 345 2925 suo
362 2871 474 2942 sanguine
489 2870 564 2923 tinxit
579 2887 661 2938 aquas.
