1975 3700
125 274 442 350 Fnsronunt
472 275 583 344 [ιιι.
609 278 680 346 IV.
710 295 780 348 101

75 393 121 442 Cui
134 395 207 452 Dea,
222 395 296 452 Duc,
313 395 409 461 inquit:
423 393 502 451 scisti,
518 392 565 458 qud
581 407 672 460 cogere
686 393 775 460 posses.

111 466 192 532 Seque
210 469 275 517 levat
293 468 369 523 saxo,
390 466 586 532 subsequiturque
602 467 692 516 senem.

74 541 134 588 Dux
150 541 234 590 comiti
250 552 348 599 narrat,
366 543 435 606 quim
450 541 482 590 sit
496 539 543 588 sibi
555 538 618 588 iilius
634 557 721 607 aeger3

22 620 25 625 ⁴
113 613 166 661 Nec
183 614 263 679 capiat
281 613 395 672 somnos,
412 612 572 678 invigiletque
588 614 666 664 malis.
797 627 809 676 5
815 625 848 677 30

74 685 119 734 llla
138 685 314 750 soporiferum,
333 703 419 752 parvos
436 686 524 735 initura
540 697 661 750 penates,

113 757 214 825 Colligit
230 759 314 826 agressi
330 761 386 810 lene
401 771 507 824 papaver
522 759 605 808 humo.

73 831 142 882 Dum
157 832 236 898 legit,
254 833 332 883 oblito
349 833 426 882 fertur
441 830 538 898 gustasse
553 832 655 895 palato,

110 903 267 972 Longumque
283 905 421 969 imprudens
437 902 564 953 exsoluisse
578 904 674 954 samem.

74 977 140 1040 Quae
157 977 211 1042 quia
222 978 346 1046 'principio
362 978 443 1042 posuit
458 975 550 1040 jejunia
562 977 638 1027 noetis
650 1011 659 1035 ,
795 991 826 1043 53
833 993 845 1041 5

112 1049 220 1116 Tempus
236 1051 325 1100 habent
339 1050 424 1117 Mynae
439 1051 519 1100 sidera
532 1047 582 1098 visa
599 1050 657 1098 cibi.

73 1123 160 1172 Limen
176 1135 204 1174 ut
218 1123 338 1183 intravit,
354 1123 429 1174 tauns
446 1123 515 1174 videt
529 1122 608 1172 omnia
625 1124 721 1188 plena:

111 1195 163 1246 Jam
178 1194 230 1263 sp'es
247 1197 273 1246 in
292 1212 369 1263 puero
386 1198 451 1247 nulla
466 1196 546 1246 salutis
561 1207 623 1245 erat.

75 1269 159 1318 Matre
173 1268 290 1329 salutati,
309 1283 385 1321 mater
400 1270 521 1320 Metanira
537 1281 659 1327 vocatur,

112 1341 218 1410 Jungere
236 1344 333 1410 dignata
350 1343 384 1394 est
400 1359 428 1394 os
444 1343 539 1408 puerile
557 1342 609 1392 suo.
795 1357 849 1404 540

75 1412 157 1464 Pallor
173 1417 243 1474 abit,
259 1417 389 1483 subitaeque
403 1418 488 1484 vigent
504 1416 530 1464 in
544 1431 650 1480 torpore
664 1415 739 1466 vites.

112 1488 205 1538 Tantus
221 1489 311 1540 coeteffi
325 1491 393 1540 venit
409 1490 438 1538 ab
452 1505 496 1539 ore
510 1489 589 1556 vigor.

73 1561 143 1610 Tota
157 1562 241 1612 domus
257 1564 312 1612 laeta
324 1563 357 1612 esi
369 1579 376 1612 ε
388 1563 437 1612 hoc
448 1561 499 1620 esi,
516 1574 641 1627 materque
651 1595 660 1622 ,
672 1575 811 1630 paterque,

113 1635 224 1700 Nataque
237 1648 308 1686 :tres
322 1636 357 1684 illi
368 1648 421 1686 tota
438 1635 508 1684 suere
523 1634 617 1684 domus.

74 1707 140 1760 Mox
157 1708 240 1771 epulas
256 1720 364 1772 ponunt,
384 1707 511 1773 liquelatia
525 1709 626 1774 coagula
640 1707 721 1766 laste,
797 1722 829 1772 54
834 1722 846 1771 5

113 1779 256 1844 Pomaque,
275 1780 301 1830 &
315 1780 340 1828 in
354 1781 445 1830 teneris
460 1796 534 1828 aurea
548 1781 618 1828 mella
632 1779 703 1829 latis.

75 1853 188 1905 Abstinet
202 1854 262 1903 alma
278 1853 375 1909 Ceres,
395 1854 519 1919 somnique
534 1870 652 1918 papavera
668 1854 749 1905 causas

113 1927 164 1975 Dat
178 1926 222 1975 tibi
237 1944 290 1975 cum
307 1927 391 1992 tepido
407 1926 467 1975 lasle
484 1927 606 1984 bibenda,
624 1944 694 1991 puer.

75 1999 162 2049 Noslis
177 2012 230 2048 erat
244 1999 367 2057 medium,
388 2000 523 2065 placidique
537 2000 633 2049 silentia
644 2000 741 2057 somni3

113 2073 290 2138 Triptolemum
304 2074 395 2139 gremio
409 2072 498 2123 sullulit
512 2074 553 2123 illa
567 2072 619 2123 suo.
798 2087 849 2136 550

75 2141 176 2211 T'erque
189 2162 260 2195 manu
276 2146 401 2211 permulsit
412 2162 466 2195 eum
478 2161 486 2195 t
498 2146 543 2195 tria
556 2144 661 2195 carmina
678 2144 759 2203 dixit,

115 2217 225 2267 Carmina
240 2220 337 2267 mortali
352 2234 402 2267 non
418 2217 547 2267 reserenda
564 2218 633 2267 sono.

75 2291 153 2356 lnque
169 2291 247 2349 ioco,
265 2292 334 2355 pueri
350 2307 438 2355 corpus
453 2292 553 2340 vivente
569 2289 652 2339 savilli

115 2364 222 2422 Obruit,
244 2364 371 2412 humanum
388 2377 475 2431 purget
490 2376 517 2413 ut
532 2364 593 2430 ignis
610 2379 682 2413 onus.

76 2436 207 2499 Eacutitur
224 2436 306 2485 somno
326 2436 395 2485 llult'e
411 2437 449 2502 pia
466 2450 563 2487 mater:
577 2436 602 2485 δι
619 2452 722 2493 amens,
800 2449 850 2499 555

115 2508 182 2571 Quid
196 2509 254 2557 sacis
267 2508 277 2557 ‚²
293 2510 410 2559 exclamat
421 2526 428 2560 t
440 2511 594 2576 membraque
605 2509 638 2559 'ab
655 2509 711 2575 igne
724 2509 796 2573 rapit.

78 2581 127 2630 Cui
142 2581 217 2639 Dea,
236 2582 302 2631 Dum
319 2599 368 2631 non
384 2599 430 2639 es,
448 2584 527 2641 dixit,
544 2583 678 2639 scelerata,
697 2581 779 2639 suisti,

115 2654 185 2701 irrita
201 2666 309 2703 materno
326 2655 379 2705 sunt
395 2672 447 2705 mea
464 2656 528 2705 dona
541 2668 618 2705 metu.

76 2726 123 2777 Iste
141 2726 237 2790 quidem
253 2728 359 2777 mortalis
376 2728 439 2779 erit:
453 2728 493 2777 sed
507 2728 596 2793 primus
612 2727 708 2785 arabit,

115 2800 146 2848 Et
161 2798 244 2857 seret,
262 2800 288 2849 dt
305 2800 370 2869 culti
383 2802 481 2867 praemia
497 2803 569 2851 tollet
583 2802 668 2851 humo.
798 2798 850 2862 560

74 2872 167 2925 Dixit:
181 2872 206 2921 u
222 2874 349 2940 egrediens
365 2876 452 2923 nubem
466 2875 560 2932 trahit,
579 2875 652 2940 inque
668 2872 787 2922 dracones

112 2944 234 3007 Transit,
251 2946 276 2998 dt
292 2948 385 3016 aligero
399 2948 496 2999 tollitur
511 2964 557 2999 axe
575 2946 664 2999 Ceres.

679 3014 764 3095 Eiij·
868 3085 876 3101 x
