1975 3700
177 235 464 306 Turenum
491 237 593 307 ιιι.
621 239 653 307 1.
708 241 779 331 165

69 352 125 408 Vos
139 350 231 413 modo,
248 370 309 420 quos
324 354 392 407 certi
408 357 476 405 nullo
490 368 551 421 puto
568 355 667 405 crimine
684 357 770 418 laesos,

109 426 228 479 Contenti
244 427 346 487 nostris,
363 427 413 485 Di,
430 445 537 494 precor,
556 428 605 478 elle
621 430 698 479 malis.
789 448 820 495 7c

69 502 125 551 Nec
141 513 238 559 tamen,
256 513 284 551 ut
298 501 377 551 cunni
392 502 503 553 miserum
518 502 613 551 servare
629 503 728 563 velnis,

108 572 183 637 Quod
199 572 293 638 periit,
311 574 400 625 salvum
413 573 461 639 jam
477 587 549 641 caput
564 574 611 625 else
628 576 716 643 potest.

69 646 106 697 Ut
120 662 186 697 mare
204 646 330 705 ionsidat,
347 648 474 715 ventisque
489 648 623 699 ferentibus
635 660 707 710 utar,

106 720 143 769 Ut
157 719 214 769 mihi
230 720 351 783 parcatis,
366 738 422 770 num
436 722 514 771 minus
526 721 593 771 exsul
606 720 670 771 ero?
734 766 738 771 .

69 794 128 843 Non
143 808 210 859 ego,
228 792 321 843 divitias
334 793 417 843 avidus
432 792 485 843 sine
500 791 548 843 fine
564 795 678 859 parandi,
788 810 823 859 75

107 865 195 915 Latum
212 865 332 915 mutandis
351 866 471 916 mercibus
486 883 568 933 aequor
584 884 647 926 aro;

69 940 125 989 Nec
136 933 212 1005 peto,
227 954 285 1004 quas
297 939 416 1004 quondam
426 938 505 1005 petii,
517 937 631 989 studiosus
642 973 650 998 ‚
661 937 787 992 Athenas:

109 1011 208 1077 Oppida
221 1028 271 1061 nou
285 1012 366 1070 Asiae,
381 1028 430 1062 non
446 1013 501 1061 loca
515 1012 565 1061 visa
577 1010 653 1078 priuis.

70 1086 130 1135 Non
146 1096 192 1143 ut,
209 1084 341 1135 Alexandri
355 1086 443 1135 claram
458 1086 552 1135 delatus
566 1086 591 1134 in
606 1087 709 1144 urbem,

108 1158 218 1207 Delicias
233 1158 346 1227 videam,
363 1159 420 1209 Nile
433 1157 537 1224 jocose,
554 1170 617 1210 tuas.
792 1156 826 1207 80

73 1230 149 1295 Quod
164 1230 248 1299 faciles
264 1244 325 1297 opto
338 1244 444 1291 ventos,
459 1232 512 1298 quis
528 1233 630 1283 credere
645 1228 745 1298 possit?

109 1304 221 1354 Sarmatis
236 1304 270 1355 est
284 1306 377 1364 tellus,
395 1322 466 1371 quam
478 1322 533 1355 mea
546 1318 603 1355 vota
620 1317 717 1372 petunt.

75 1376 197 1444 obligor,
215 1390 242 1427 ur
256 1390 350 1446 tangam
365 1379 419 1429 laevi
434 1379 485 1429 fera
500 1380 571 1429 litora
587 1378 681 1437 Ponti3

110 1449 233 1517 Quodque
249 1452 280 1501 sit
294 1469 307 1501 a
321 1450 397 1517 patriai
411 1464 460 1501 tam
474 1452 631 1519 ingerenda,
649 1466 747 1517 queror.

71 1522 163 1573 Nescio
175 1541 224 1590 quo
237 1524 331 1574 videam
348 1526 441 1591 positos
456 1538 483 1575 ut
499 1526 525 1574 in
539 1527 600 1575 orbe
615 1524 743 1580 Tomitas,
791 1522 823 1585 85

109 1595 203 1646 Exilem
216 1596 279 1646 facio
294 1614 338 1662 per
352 1614 406 1647 mea
419 1609 478 1647 vota
491 1590 564 1647 riam.

72 1664 123 1719 Seu
137 1685 177 1719 me
195 1669 311 1736 diligitis,
326 1681 409 1721 tantos
422 1670 569 1735 compescite
583 1669 689 1727 ilustuu

110 1740 238 1807 Pronaque
253 1742 302 1791 sint
318 1740 401 1791 nostrae
418 1743 513 1792 numina
526 1742 601 1792 vestra
615 1744 672 1793 rati.

72 1815 124 1866 Seu
140 1815 215 1882 magis
230 1814 325 1875 odistis,
339 1814 403 1880 juliae
419 1832 457 1884 me
472 1810 593 1867 aduertite
608 1828 702 1874 terrm

110 1889 227 1956 Supplicii
243 1907 296 1955 pars
311 1888 384 1940 estin
399 1889 500 1958 regione
516 1877 572 1940 mei.
792 1901 827 1950 90

73 1964 94 2014 F
95 1976 147 2013 erte
158 1993 166 2022 ,
181 1960 259 2028 (quid
272 1962 311 2012 hic
324 1963 388 2014 iac'io
397 1961 428 2031 i)
441 1964 535 2029 rapidi,
550 1979 603 2012 mea
620 1961 734 2019 carbasa,
749 1963 826 2010 venri.

109 2036 230 2086 Ausonios
244 2035 304 2086 fines
320 2053 363 2086 cur
378 2053 432 2086 mea
449 2039 504 2086 vela
518 2034 622 2086 uident.²

73 2110 162 2160 Noluit
175 2111 222 2160 hoc
239 2109 318 2162 Caesar
333 2127 340 2160 :
358 2110 432 2176 quid,
449 2127 521 2175 quem
532 2111 600 2177 fugat
613 2111 672 2167 ille,
688 2105 800 2158 tenetis?

111 2182 218 2249 Aspiciat
233 2185 314 2234 vultus
324 2182 427 2234 Pontica
442 2195 508 2233 terra
521 2199 600 2232 meos.

73 2255 107 2308 Et
119 2255 207 2320 jubet,
228 2255 364 2306 &merui:
380 2271 443 2314 nec,
461 2272 516 2322 queo
531 2252 755 2314 damnaveritille,
792 2269 825 2319 95

111 2327 217 2381 Crimina
232 2329 261 2377 de
264 2328 330 2379 fendi
345 2328 449 2378 {asve'
426 2344 523 2393 piumve
535 2340 606 2394 puto.

74 2402 100 2452 Si
114 2414 195 2453 tamen
209 2400 260 2452 aila
275 2400 345 2452 Deos
362 2395 489 2468 numquam
503 2401 614 2452 mortalia
627 2399 730 2462 fallunt,

13 2505 15 2510 ·
111 2475 135 2524 A
152 2474 223 2540 culpi
236 2463 326 2524 facinus
341 2474 405 2524 scitis
420 2474 499 2526 abesse
512 2473 576 2525 mea.

73 2546 176 2600 immo
168 2559 223 2598 rta.
235 2563 280 2597 vos
296 2547 368 2597 scitis.
383 2546 409 2596 Si
425 2563 463 2596 me
480 2565 548 2598 meus
560 2547 654 2598 abstulit
668 2564 757 2605 error,

112 2621 239 2686 Stultaque
254 2636 321 2670 mens
338 2621 425 2678 nobis,
441 2636 491 2670 non
507 2621 641 2680 scelerata,
655 2621 722 2681 iuit3
798 2633 848 2669 100

73 2695 219 2760 Quamlibet
234 2709 247 2742 e
262 2693 383 2750 minimis,
402 2693 517 2743 domuin
531 2694 632 2744 favimus
647 2694 704 2753 illir

111 2769 137 2818 Si
153 2767 207 2818 satis
223 2757 322 2832 Augusti
338 2765 433 2832 publica
446 2765 505 2831 jussa
520 2767 594 2826 mihi3

75 2841 132 2892 Hoc
149 2839 278 2898 Duce‚'
259 2857 278 2889 n
294 2839 341 2888 dixi
358 2839 436 2889 felicia
452 2839 557 2898 secula;
573 2855 668 2906 proque

110 2913 207 2970 Cela-re
222 2926 276 2966 tura
291 2914 345 2984 pius
359 2911 542 2983 Caesaribusque
556 2913 633 2974 dedia
