1975 3700
222 227 300 322 384
335 229 376 296 P.
404 201 600 297 Orion
628 228 867 328 Nasonis

215 348 265 397 Vel
281 347 312 397 de
328 347 446 414 praecipiti
462 347 546 396 venias
562 347 587 396 in
601 347 703 396 Tartara
717 346 792 405 saxo,

251 420 288 470 Ut
306 420 348 487 qui
364 421 516 470 Socraticum
531 420 562 469 de
579 435 641 470 nece
654 419 716 486 legit
730 435 804 485 opus.

152 509 203 558 495
217 493 254 543 Ut
270 493 311 560 qui
325 493 428 544 nesea
445 491 538 543 fallacia
554 494 609 544 vela
625 491 713 542 carinae

252 567 324 618 Vidit
337 578 383 617 :ut
398 567 472 617 isaaci
487 565 566 616 missus
581 567 610 616 ab
627 581 683 616 arce
700 581 772 633 puer.

215 641 251 690 Ut
267 639 346 690 teneri
363 641 463 699 nutrix,
482 639 568 690 eadem
582 650 711 689 matertera
725 671 732 696 ,
750 637 843 688 bacchi
859 653 869 690 ε

251 712 287 762 Ut
302 714 342 763 cui
358 713 427 763 eausa
442 714 511 764 necis
528 711 590 762 serra
605 723 703 777 reperta
719 711 775 762 fuit.

213 785 289 854 Lydia
305 785 447 851 iescopuiis
461 798 488 836 ut
503 785 573 853 virgo
588 785 652 836 misit
668 786 697 835 ab
714 785 788 844 aitis,

154 875 205 925 500
252 859 357 908 Dixerat
370 859 450 909 invito
467 875 521 926 quae
537 860 599 908 maia
614 859 688 908 verba
704 856 772 908 Deo.

214 931 275 982 feta
287 933 332 981 tibi
348 947 461 982 occurrat
475 931 555 998 patrio
569 931 692 1000 popularis
708 933 733 980 in
747 945 829 991 arvo,

251 1005 335 1071 Sitque
351 1004 483 1073 Paphagdae
500 1005 568 1055 causa
582 1006 659 1054 leaena
674 1005 748 1055 necis.

215 1077 313 1144 Quique
328 1078 482 1146 Lycurgiden
494 1079 599 1138 ietavit,
618 1078 645 1128 ἃ
660 1080 746 1128 arbore
761 1091 864 1134 natum,

252 1151 399 1219 Idmonaque
414 1151 549 1209 audacem,
564 1163 589 1201 te
604 1167 700 1218 quoque
716 1163 827 1216 rumpat,
841 1169 910 1216 aper.

155 1243 187 1291 50
191 1242 204 1292 5
217 1225 290 1290 Isque
305 1227 347 1274 vel
363 1225 477 1277 exanimis
488 1225 567 1280 ‚iaciat
581 1225 626 1274 tibi
642 1227 749 1284 vulnus,
767 1237 794 1274 ut
809 1225 864 1282 iili,

252 1297 305 1348 Ora
320 1297 392 1364 super
403 1296 445 1347 fixi
462 1315 534 1365 quem
551 1297 662 1348 cecidere
679 1297 734 1347 suis.

215 1369 273 1420 Sive
289 1369 353 1420 idem
368 1370 439 1420 simrii
452 1373 522 1438 pinus
539 1387 609 1437 quem
624 1383 702 1420 morte
719 1368 842 1436 peremit:

251 1443 331 1512 Phryx
348 1444 374 1494 δε
390 1457 494 1494 venator
510 1443 542 1494 sis
556 1443 755 1511 Berecyntiades.

215 1515 242 1565 Si
257 1528 299 1565 tua
314 1517 445 1584 contigerit
458 1515 557 1567 Minbas
574 1518 660 1584 puppis
676 1533 780 1575 arenas,

155 1607 206 1656 510
253 1589 292 1639 Te
308 1589 465 1658 eorcyraeum
480 1589 578 1640 Cressia
593 1591 663 1642 turba
678 1601 757 1656 putet.

122 1671 124 1676 '
215 1661 392 1730 Lapsuramque
409 1663 506 1713 domurn
520 1663 621 1721 subeas,
641 1678 668 1714 ut
683 1662 775 1731 sanguis
791 1662 900 1713 Aleuae:

252 1737 327 1787 Stella
344 1736 504 1803 Leoprepidae
521 1733 574 1786 cum
590 1736 636 1786 fuit
650 1753 719 1803 aequa
732 1737 796 1785 viro.

216 1812 302 1877 thue
316 1811 357 1861 vel
372 1809 487 1871 Euenus,
505 1810 609 1861 torrenti
625 1809 722 1861 flumine
735 1808 847 1865 mersus.

253 1884 360 1934 Nomina
376 1884 419 1933 des
434 1883 542 1950 rapidae,
560 1885 602 1933 vel
617 1882 765 1941 Tiberinus,
783 1898 865 1949 aqua.

158 1974 186 2022 51
195 1974 206 2021 ς
221 1956 385 2023 hstacidaeque
402 1958 494 2016 modo,
513 1956 590 2006 decisa
610 1958 728 2006 cadavere
744 1969 853 2013 trunco,

254 2030 336 2097 Digna
352 2030 410 2079 feris
425 2064 433 2089 ,
450 2029 542 2079 homini
557 2029 589 2079 sit
605 2042 676 2095 caput
689 2029 742 2078 esca
757 2042 836 2078 tuum.

217 2102 342 2169 Quodque
358 2103 440 2153 ferunt
454 2104 561 2153 Brotean
577 2101 658 2153 fecisse
674 2102 785 2170 cupidine
801 2100 908 2159 mortis,

254 2176 308 2226 Des
321 2188 363 2225 tua
377 2176 496 2226 succensae
513 2176 616 2225 membra
633 2176 758 2225 cremanda
772 2192 849 2244 pycae.

210 2248 373 2315 'Inclususque
387 2265 472 2298 necem
487 2248 562 2297 cavei
578 2248 694 2313 patiaris,
713 2260 741 2298 ut
756 2248 797 2297 ilie

158 2337 208 2383 520
256 2323 314 2372 Non
330 2322 473 2389 profedburae
488 2322 599 2371 conditor
616 2321 728 2371 historiae.

216 2394 300 2462 thue
315 2395 436 2462 repertori
453 2393 539 2443 nocuit
551 2395 666 2463 pugnacis
678 2393 769 2454 iambi,

254 2468 294 2519 Sic
309 2467 341 2518 sit
356 2469 382 2519 in
397 2468 497 2519 exitium
513 2466 595 2535 lingua
610 2480 724 2533 proterva
739 2479 817 2529 tuum.

218 2540 302 2608 thue
319 2557 400 2607 patum
415 2541 489 2591 stabili
506 2541 545 2608 qui
561 2541 666 2590 carmine
682 2539 744 2591 lesit
759 2539 890 2597 Athenas,

253 2615 343 2665 invisus
359 2632 464 2681 pereas,
481 2611 609 2663 deficiente
625 2614 689 2663 cibo.

47 2731 49 2734 ,
157 2686 287 2760 525'Utve
303 2690 363 2755 lyrae
374 2700 443 2737 vates
459 2688 536 2738 fertur
552 2686 645 2754 periisse
660 2687 768 2747 severae,

193 2774 198 2781 '
256 2761 333 2810 Causa
348 2760 381 2811 sit
394 2760 461 2810 exitii
477 2760 576 2810 dextera
593 2760 645 2809 iaesa
661 2759 706 2811 tui.

168 2849 172 2858 ‘
216 2835 305 2903 'thue
316 2833 506 2901 Agamemnonio
522 2834 609 2883 vulnus
627 2832 694 2883 dedit
710 2832 795 2901 anguis
813 2830 930 2890 Oressae,
956 2888 972 2908 x

253 2908 293 2959 Tu
311 2921 407 2975 quoque
423 2908 453 2957 de
467 2906 547 2957 morsu
562 2907 628 2957 titus
644 2907 750 2959 habente
764 2905 847 2957 cadas.
888 2978 916 3029 S.

909 2990 930 3027 rt
