1975 3700
152 247 455 333 Frsronunr
481 246 582 313 [ιιι.
610 245 689 312 ΙΙΙ.
743 246 788 316 8ι

83 365 166 417 Morte
184 367 265 434 jacent
281 365 366 416 meriti
377 383 385 416 a
396 365 469 416 testes
485 365 563 415 estote
575 363 679 432 Philippi
690 383 701 424 3

120 439 151 490 Et
168 458 270 506 quorum
286 441 369 507 sparsis
387 441 481 490 ossibus
498 440 564 488 albet
577 439 673 488 burnus.
690 455 694 463 ·

83 512 138 562 Hoc
153 531 232 580 opus,
246 515 301 564 hec
316 513 411 579 pietas,
428 513 481 563 baec
496 513 572 578 prima
585 514 708 562 elementa
720 512 819 563 suerum

121 587 240 644 Caesaris,
257 587 339 636 ulcisci
355 585 415 652 julia
431 602 475 652 pet
491 602 556 635 arma
570 599 674 651 patrem.
803 602 856 649 7¹0

9 721 12 733 ἱ
83 657 101 709 P
111 659 134 710 Ο
143 659 275 710 STERA
291 658 344 709 crim
359 671 456 709 teneras
471 659 567 708 Aurora
581 659 698 710 refecerit
711 659 798 713 herbas
810 693 819 718 ,

120 733 234 798 Scorpios
249 752 262 782 a
278 731 353 799 primi
367 744 435 798 parte
449 732 568 782 videndus
581 733 638 782 erit.

8 797 10 824 ³
84 805 240 855 TERTIA
255 805 307 871 poli
323 807 379 854 idus
394 807 437 854 lux
451 804 484 854 est
500 806 655 855 celeberrima
669 805 777 856 Baccho.

8 871 10 898 ³
122 879 235 937 bacche,
253 881 309 928 fave
323 879 394 936 vati,
412 878 468 928 dum
483 891 524 927 tua
538 878 597 928 festa
611 896 682 928 canor

84 953 140 1003 Nec
151 952 255 1002 referam
266 952 379 1002 Semelen
390 984 400 1009 ‚
418 951 529 1016 adquam
539 951 585 1000 nisi
595 952 695 1002 fulmina
705 952 784 1002 {emm
804 967 856 1018 7¹5

121 1025 235 1092 luppiter
248 1024 365 1082 afferren
385 1041 472 1091 parvus
485 1058 493 1082 ,
510 1025 607 1075 inermis
617 1059 627 1083 ,
636 1027 716 1083 'erant
775 1031 779 1038 ’

83 1100 139 1150 Nec
152 1132 159 1158 ‚
173 1117 235 1164 puer
248 1112 276 1150 ut
291 1097 369 1165 polles
384 1109 479 1148 maturo
493 1111 607 1163 tempore
618 1098 702 1154 nasci,

27 1177 29 1182 “
123 1173 251 1238 Ειιρίειιιιιι
267 1173 346 1240 patrio
360 1187 465 1239 corpore
479 1172 561 1222 matris
579 1189 650 1222 onus.

85 1245 199 1296 Sithonas
211 1247 236 1298 ὅ(
248 1247 375 1314 Scythicos
386 1248 485 1312 longum
498 1262 639 1296 enumerare
650 1246 807 1313 triumphos;

123 1319 154 1368 Et
171 1319 272 1370 domitas
290 1330 392 1386 gentes,
409 1319 496 1369 turiler
512 1320 591 1378 Inde,
608 1332 672 1372 tuas.
807 1335 861 1382 720

85 1392 127 1441 Tu
142 1409 237 1460 quoque
250 1427 258 1452 ,
273 1392 398 1442 Thebanae
413 1390 475 1442 mal'e
491 1393 572 1458 ptaeda
585 1425 592 1450 ,
607 1394 744 1453 tacebere,
761 1395 861 1452 matris;

124 1467 199 1532 Inque
216 1479 284 1516 tuum
300 1466 388 1524 furiis,
406 1465 458 1516 alle
473 1467 606 1535 Lycurge,
624 1484 697 1534 genu.

86 1539 154 1591 Ecce
169 1540 228 1590 libet
243 1539 332 1590 subitos
347 1539 443 1604 pisces,
462 1538 638 1607 Tyrrhenaque
652 1539 756 1590 mmrlira

124 1613 216 1663 Dicere
229 1629 236 1663 t
249 1612 290 1662 sed
303 1629 352 1662 non
366 1611 399 1662 est
415 1614 527 1662 carminis
542 1611 614 1677 hujus
629 1631 701 1679 opus.
782 1615 787 1623 '

87 1686 207 1736 Carminis
224 1683 296 1750 hujus
313 1702 394 1750 opus,
413 1685 493 1735 caulas
510 1703 654 1751 expromere
666 1702 764 1752 ,quere
810 1701 863 1750 725

125 1759 189 1810 Vilis
203 1775 263 1808 anus
278 1759 383 1824 populos
399 1759 428 1807 ad
443 1758 482 1808 sua
496 1759 543 1808 liba
557 1771 642 1808 vocet.

87 1833 156 1886 Ante
171 1843 227 1883 tuos
245 1844 312 1883 ortus
329 1848 376 1882 arae
392 1830 443 1883 sine
457 1833 552 1883 honore
567 1832 682 1889 fuerunt,

126 1906 219 1966 Liber,
237 1906 262 1957 δι
277 1907 302 1957 in
319 1905 406 1974 gelidis
420 1907 496 1957 berbe
509 1919 606 1972 reperta
620 1907 693 1957 focis.

87 1982 129 2032 Te
147 1993 301 2037 memorant,
318 1980 405 2046 Gange
420 1992 524 2047 totoque
542 1978 650 2032 Oriente
662 1978 778 2039 subacto,

127 2054 245 2105 Primitias
262 2070 351 2121 magno
366 2052 491 2119 seposuille
509 2052 575 2105 Jovi.
740 2097 743 2102 ,
811 2066 867 2117 730

90 2128 208 2179 Cinnama
221 2142 248 2178 tu
263 2128 373 2193 primus,
390 2127 533 2194 captivaque
547 2138 622 2185 tura,
640 2126 744 2185 dedisti,
879 2123 883 2133 '

128 2202 218 2267 Deque
234 2202 382 2267 triumphato
398 2200 490 2249 viscera
507 2199 568 2249 tosta
583 2202 658 2249 bove.

90 2276 198 2327 Nomine
215 2278 245 2323 ab
260 2273 363 2325 auctoris
379 2272 470 2323 ducunt
487 2272 610 2322 Libamina
623 2287 734 2331 nomen,
799 2312 802 2319 .

130 2348 236 2413 Libaque
250 2348 335 2413 :quod
351 2346 420 2396 sacris
435 2362 490 2412 pets
508 2346 577 2396 datur
589 2346 646 2395 inde
660 2346 734 2397 focis.

92 2422 153 2473 Liba
168 2422 227 2471 Deo
243 2420 323 2479 liunt,
340 2418 416 2469 succis
434 2420 489 2486 quia
504 2419 615 2469 dulcibus
628 2419 670 2469 ille
816 2432 870 2483 735

132 2493 250 2551 Gaudet,
268 2494 293 2543 ὅ(
308 2508 321 2543 a
337 2494 434 2544 Baccho
451 2494 524 2542 mella
538 2505 635 2559 reperta
652 2492 745 2544 lerunt.

91 2565 192 2620 ΙΒΑΤ
208 2567 309 2616 arenoso
324 2566 415 2633 Satyris
433 2566 562 2616 comitatus
576 2567 605 2615 ab
620 2566 728 2626 Hebro;

132 2640 191 2689 Non
207 2639 280 2689 habet
297 2639 404 2705 ingratos
423 2638 501 2687 fabula
517 2638 694 2705 nolirajocos.1

91 2714 196 2776 Jamque
211 2724 263 2761 erat
275 2712 304 2760 ad
316 2711 453 2776 Rhodopen
464 2710 612 2779 Pangaeaque
622 2713 708 2763 florida
718 2725 818 2763 tartum
829 2730 838 2771 ς

132 2784 245 2837 AEtiferae
260 2785 374 2835 comitum
390 2800 556 2851 concrepuere
571 2803 664 2837 manus.
820 2802 877 2853 740

95 2859 164 2913 Ecce
180 2874 250 2909 novae
269 2859 360 2911 coeunt
376 2860 511 2917 volucres,
528 2860 653 2910 tinnitibus
671 2860 748 2919 aditu

136 2930 240 3001 Quique
257 2944 360 2987 movent
375 2932 467 2987 sonitus
483 2950 551 2994 tera,
568 2933 701 3001 sequuntur
710 2949 788 3057 lappes-

752 3024 769 3057 u
