<?xml version="1.0" encoding="UTF-8"?>
<!DOCTYPE html PUBLIC "-//W3C//DTD XHTML 1.0 Transitional//EN"
    "http://www.w3.org/TR/xhtml1/DTD/xhtml1-transitional.dtd">
<html xmlns="http://www.w3.org/1999/xhtml" xml:lang="en" lang="en">
 <head>
  <title>
</title>
<meta http-equiv="Content-Type" content="text/html;charset=utf-8" />
  <meta name='ocr-system' content='tesseract 3.04.00' />
  <meta name='ocr-capabilities' content='ocr_page ocr_carea ocr_par ocr_line ocrx_word'/>
</head>
<body>
  <div class='ocr_page' id='page_1' title='image "./povidiinasoniso00unkngoog_0101.png"; bbox 0 0 1975 3700; ppageno 0'>
   <div class='ocr_carea' id='block_1_1' title="bbox 215 235 857 346">
    <p class='ocr_par' dir='ltr' id='par_1_1' title="bbox 215 235 857 346">
     <span class='ocr_line' id='line_1_1' title="bbox 215 235 857 346; baseline 0.012 -28"><span class='ocrx_word' id='word_1_1' title='bbox 215 254 265 346; x_wconf 90' lang='lat'>98</span> <span class='ocrx_word' id='word_1_2' title='bbox 320 249 361 319; x_wconf 82' lang='grc' dir='ltr'>Ρ.</span> <span class='ocrx_word' id='word_1_3' title='bbox 384 249 576 321; x_wconf 72' lang='grc' dir='ltr'>Ονιυιι</span> <span class='ocrx_word' id='word_1_4' title='bbox 603 235 857 326; x_wconf 55' lang='lat' dir='ltr'>Nasonis·⁴</span> 
     </span>
    </p>
   </div>
   <div class='ocr_carea' id='block_1_2' title="bbox 142 368 934 2930">
    <p class='ocr_par' dir='ltr' id='par_1_2' title="bbox 142 368 934 2930">
     <span class='ocr_line' id='line_1_2' title="bbox 215 368 901 455; baseline 0.001 -32"><span class='ocrx_word' id='word_1_5' title='bbox 215 375 294 426; x_wconf 82' lang='lat' dir='ltr'>Terra</span> <span class='ocrx_word' id='word_1_6' title='bbox 311 372 387 422; x_wconf 83' lang='lat' dir='ltr'>tribus</span> <span class='ocrx_word' id='word_1_7' title='bbox 404 370 507 455; x_wconf 77' lang='lat' dir='ltr'>scopulis</span> <span class='ocrx_word' id='word_1_8' title='bbox 523 368 613 420; x_wconf 79' lang='lat' dir='ltr'>vastum</span> <span class='ocrx_word' id='word_1_9' title='bbox 630 374 752 437; x_wconf 84' lang='lat' dir='ltr'>procurrit</span> <span class='ocrx_word' id='word_1_10' title='bbox 765 376 790 424; x_wconf 92' lang='lat' dir='ltr'>in</span> <span class='ocrx_word' id='word_1_11' title='bbox 806 395 901 446; x_wconf 64' lang='lat' dir='ltr'>equor</span> 
     </span>
     <span class='ocr_line' id='line_1_3' title="bbox 151 444 816 520; baseline 0.005 -25"><span class='ocrx_word' id='word_1_12' title='bbox 151 469 205 520; x_wconf 82' lang='lat'>420</span> <span class='ocrx_word' id='word_1_13' title='bbox 253 446 395 503; x_wconf 78' lang='lat' dir='ltr'>Trinacria,</span> <span class='ocrx_word' id='word_1_14' title='bbox 416 444 529 509; x_wconf 79' lang='lat' dir='ltr'>apositu</span> <span class='ocrx_word' id='word_1_15' title='bbox 545 458 635 494; x_wconf 83' lang='lat' dir='ltr'>nomen</span> <span class='ocrx_word' id='word_1_16' title='bbox 652 446 740 512; x_wconf 89' lang='lat' dir='ltr'>adepta</span> <span class='ocrx_word' id='word_1_17' title='bbox 756 451 816 499; x_wconf 84' lang='lat' dir='ltr'>loci</span> 
     </span>
     <span class='ocr_line' id='line_1_4' title="bbox 215 518 896 587; baseline 0.012 -18"><span class='ocrx_word' id='word_1_18' title='bbox 215 520 294 572; x_wconf 86' lang='lat' dir='ltr'>Grata</span> <span class='ocrx_word' id='word_1_19' title='bbox 310 520 394 568; x_wconf 76' lang='lat' dir='ltr'>doinus</span> <span class='ocrx_word' id='word_1_20' title='bbox 405 518 509 567; x_wconf 86' lang='lat' dir='ltr'>Cereri:</span> <span class='ocrx_word' id='word_1_21' title='bbox 522 519 608 567; x_wconf 81' lang='lat' dir='ltr'>multas</span> <span class='ocrx_word' id='word_1_22' title='bbox 625 519 658 568; x_wconf 85' lang='lat' dir='ltr'>ihi</span> <span class='ocrx_word' id='word_1_23' title='bbox 674 521 784 586; x_wconf 69' lang='lat' dir='ltr'>possidet</span> <span class='ocrx_word' id='word_1_24' title='bbox 794 525 896 587; x_wconf 74' lang='lat' dir='ltr'>urbes,</span> 
     </span>
     <span class='ocr_line' id='line_1_5' title="bbox 251 590 794 658; baseline 0.002 -15"><span class='ocrx_word' id='word_1_25' title='bbox 251 595 280 643; x_wconf 89' lang='lat' dir='ltr'>ln</span> <span class='ocrx_word' id='word_1_26' title='bbox 296 592 382 658; x_wconf 84' lang='lat' dir='ltr'>quibus</span> <span class='ocrx_word' id='word_1_27' title='bbox 398 591 431 640; x_wconf 86' lang='lat' dir='ltr'>est</span> <span class='ocrx_word' id='word_1_28' title='bbox 445 592 513 640; x_wconf 84' lang='lat' dir='ltr'>cultu</span> <span class='ocrx_word' id='word_1_29' title='bbox 527 590 616 640; x_wconf 76' lang='lat' dir='ltr'>senilis</span> <span class='ocrx_word' id='word_1_30' title='bbox 628 591 716 642; x_wconf 81' lang='lat' dir='ltr'>Henna</span> <span class='ocrx_word' id='word_1_31' title='bbox 730 594 794 644; x_wconf 83' lang='lat' dir='ltr'>solo.</span> 
     </span>
     <span class='ocr_line' id='line_1_6' title="bbox 213 663 810 734; baseline 0.002 -17"><span class='ocrx_word' id='word_1_32' title='bbox 213 666 309 734; x_wconf 83' lang='lat' dir='ltr'>Frigida</span> <span class='ocrx_word' id='word_1_33' title='bbox 321 663 449 734; x_wconf 78' lang='lat' dir='ltr'>Coelesillm</span> <span class='ocrx_word' id='word_1_34' title='bbox 466 677 555 715; x_wconf 82' lang='lat' dir='ltr'>matres</span> <span class='ocrx_word' id='word_1_35' title='bbox 566 664 686 714; x_wconf 78' lang='lat' dir='ltr'>Arethusa</span> <span class='ocrx_word' id='word_1_36' title='bbox 699 668 810 719; x_wconf 72' lang='lat' dir='ltr'>vocarat.</span> 
     </span>
     <span class='ocr_line' id='line_1_7' title="bbox 249 737 785 806; baseline -0.004 -14"><span class='ocrx_word' id='word_1_37' title='bbox 249 741 361 792; x_wconf 91' lang='lat' dir='ltr'>Venerat</span> <span class='ocrx_word' id='word_1_38' title='bbox 374 737 404 786; x_wconf 88' lang='lat' dir='ltr'>ad</span> <span class='ocrx_word' id='word_1_39' title='bbox 419 737 494 788; x_wconf 77' lang='lat' dir='ltr'>saetas</span> <span class='ocrx_word' id='word_1_40' title='bbox 511 737 537 787; x_wconf 77' lang='lat' dir='ltr'>dt</span> <span class='ocrx_word' id='word_1_41' title='bbox 552 738 609 786; x_wconf 86' lang='lat' dir='ltr'>Dea</span> <span class='ocrx_word' id='word_1_42' title='bbox 624 738 686 790; x_wconf 80' lang='lat' dir='ltr'>flava</span> <span class='ocrx_word' id='word_1_43' title='bbox 701 740 785 806; x_wconf 80' lang='lat' dir='ltr'>dapes.</span> 
     </span>
     <span class='ocr_line' id='line_1_8' title="bbox 149 810 809 883; baseline 0 -19"><span class='ocrx_word' id='word_1_44' title='bbox 149 833 200 883; x_wconf 80' lang='lat'>4²5</span> <span class='ocrx_word' id='word_1_45' title='bbox 215 813 293 871; x_wconf 83' lang='lat' dir='ltr'>Filia,</span> <span class='ocrx_word' id='word_1_46' title='bbox 311 810 431 862; x_wconf 79' lang='lat' dir='ltr'>consuetis</span> <span class='ocrx_word' id='word_1_47' title='bbox 447 822 474 861; x_wconf 92' lang='lat' dir='ltr'>ut</span> <span class='ocrx_word' id='word_1_48' title='bbox 491 821 545 860; x_wconf 78' lang='lat' dir='ltr'>erat</span> <span class='ocrx_word' id='word_1_49' title='bbox 558 811 672 862; x_wconf 87' lang='lat' dir='ltr'>comitata</span> <span class='ocrx_word' id='word_1_50' title='bbox 687 815 809 878; x_wconf 81' lang='lat' dir='ltr'>puellis,-</span> 
     </span>
     <span class='ocr_line' id='line_1_9' title="bbox 248 884 756 951; baseline -0.004 -15"><span class='ocrx_word' id='word_1_51' title='bbox 248 887 348 936; x_wconf 83' lang='lat' dir='ltr'>Errabat</span> <span class='ocrx_word' id='word_1_52' title='bbox 362 885 428 934; x_wconf 89' lang='lat' dir='ltr'>nudo</span> <span class='ocrx_word' id='word_1_53' title='bbox 445 901 488 950; x_wconf 90' lang='lat' dir='ltr'>per</span> <span class='ocrx_word' id='word_1_54' title='bbox 504 884 545 933; x_wconf 89' lang='lat' dir='ltr'>sua</span> <span class='ocrx_word' id='word_1_55' title='bbox 559 896 627 951; x_wconf 87' lang='lat' dir='ltr'>prata</span> <span class='ocrx_word' id='word_1_56' title='bbox 641 887 714 950; x_wconf 89' lang='lat' dir='ltr'>pede.</span> <span class='ocrx_word' id='word_1_57' title='bbox 752 898 756 905; x_wconf 89' lang='lat'><em>·</em></span> 
     </span>
     <span class='ocr_line' id='line_1_10' title="bbox 213 947 877 1028; baseline 0 -18"><span class='ocrx_word' id='word_1_58' title='bbox 213 961 286 1015; x_wconf 83' lang='lat' dir='ltr'>Valle</span> <span class='ocrx_word' id='word_1_59' title='bbox 302 959 343 1009; x_wconf 90' lang='lat' dir='ltr'>sub</span> <span class='ocrx_word' id='word_1_60' title='bbox 360 947 468 1014; x_wconf 76' lang='lat' dir='ltr'>umbrosa</span> <span class='ocrx_word' id='word_1_61' title='bbox 482 959 551 1008; x_wconf 78' lang='lat' dir='ltr'>loeus</span> <span class='ocrx_word' id='word_1_62' title='bbox 566 957 618 1016; x_wconf 80' lang='lat' dir='ltr'>est,</span> <span class='ocrx_word' id='word_1_63' title='bbox 639 959 778 1028; x_wconf 76' lang='lat' dir='ltr'>adspergine</span> <span class='ocrx_word' id='word_1_64' title='bbox 794 964 877 1014; x_wconf 64' lang='lat' dir='ltr'>multi</span> 
     </span>
     <span class='ocr_line' id='line_1_11' title="bbox 249 1031 695 1097; baseline -0.007 -14"><span class='ocrx_word' id='word_1_65' title='bbox 249 1033 344 1084; x_wconf 79' lang='lat' dir='ltr'>Uvidus</span> <span class='ocrx_word' id='word_1_66' title='bbox 360 1047 391 1082; x_wconf 81' lang='lat' dir='ltr'>ex</span> <span class='ocrx_word' id='word_1_67' title='bbox 406 1033 457 1080; x_wconf 86' lang='lat' dir='ltr'>alto</span> <span class='ocrx_word' id='word_1_68' title='bbox 470 1031 605 1082; x_wconf 68' lang='lat' dir='ltr'>desilientis</span> <span class='ocrx_word' id='word_1_69' title='bbox 619 1047 695 1097; x_wconf 63' lang='lat' dir='ltr'>aque.</span> 
     </span>
     <span class='ocr_line' id='line_1_12' title="bbox 212 1105 913 1171; baseline 0.001 -13"><span class='ocrx_word' id='word_1_70' title='bbox 212 1108 264 1158; x_wconf 91' lang='lat' dir='ltr'>Tot</span> <span class='ocrx_word' id='word_1_71' title='bbox 281 1108 376 1156; x_wconf 83' lang='lat' dir='ltr'>fuerant</span> <span class='ocrx_word' id='word_1_72' title='bbox 390 1105 461 1161; x_wconf 84' lang='lat' dir='ltr'>illic,</span> <span class='ocrx_word' id='word_1_73' title='bbox 480 1116 542 1171; x_wconf 82' lang='lat' dir='ltr'>quot</span> <span class='ocrx_word' id='word_1_74' title='bbox 554 1105 629 1154; x_wconf 88' lang='lat' dir='ltr'>habet</span> <span class='ocrx_word' id='word_1_75' title='bbox 640 1117 744 1161; x_wconf 88' lang='lat' dir='ltr'>natura,</span> <span class='ocrx_word' id='word_1_76' title='bbox 763 1105 913 1160; x_wconf 84' lang='lat' dir='ltr'>colores·</span> <span class='ocrx_word' id='word_1_77' title='bbox 882 1145 892 1170; x_wconf 91' lang='lat'><strong><em>,</em></strong></span> 
     </span>
     <span class='ocr_line' id='line_1_13' title="bbox 148 1178 776 1249; baseline -0.006 -17"><span class='ocrx_word' id='word_1_78' title='bbox 148 1197 203 1249; x_wconf 79' lang='lat'>430</span> <span class='ocrx_word' id='word_1_79' title='bbox 251 1179 363 1244; x_wconf 69' lang='lat' dir='ltr'>Pistaque</span> <span class='ocrx_word' id='word_1_80' title='bbox 381 1178 489 1229; x_wconf 80' lang='lat' dir='ltr'>dissimili</span> <span class='ocrx_word' id='word_1_81' title='bbox 500 1178 562 1227; x_wconf 84' lang='lat' dir='ltr'>flore</span> <span class='ocrx_word' id='word_1_82' title='bbox 575 1179 668 1229; x_wconf 82' lang='lat' dir='ltr'>nitebat</span> <span class='ocrx_word' id='word_1_83' title='bbox 679 1180 776 1229; x_wconf 80' lang='lat' dir='ltr'>humus.</span> 
     </span>
     <span class='ocr_line' id='line_1_14' title="bbox 212 1250 934 1318; baseline -0.004 -14"><span class='ocrx_word' id='word_1_84' title='bbox 212 1253 292 1318; x_wconf 84' lang='lat' dir='ltr'>Quam</span> <span class='ocrx_word' id='word_1_85' title='bbox 302 1252 371 1302; x_wconf 79' lang='lat' dir='ltr'>simul</span> <span class='ocrx_word' id='word_1_86' title='bbox 382 1252 473 1318; x_wconf 73' lang='lat' dir='ltr'>aspexit</span> <span class='ocrx_word' id='word_1_87' title='bbox 484 1267 492 1308; x_wconf 68' lang='grc' dir='ltr'>ι</span> <span class='ocrx_word' id='word_1_88' title='bbox 510 1250 639 1310; x_wconf 76' lang='lat' dir='ltr'>Comiter,</span> <span class='ocrx_word' id='word_1_89' title='bbox 657 1253 787 1312; x_wconf 75' lang='lat' dir='ltr'>accedite,</span> <span class='ocrx_word' id='word_1_90' title='bbox 808 1256 891 1316; x_wconf 80' lang='lat' dir='ltr'>diait3</span> <span class='ocrx_word' id='word_1_91' title='bbox 931 1296 934 1301; x_wconf 91' lang='lat'>.</span> 
     </span>
     <span class='ocr_line' id='line_1_15' title="bbox 247 1323 775 1390; baseline 0.004 -14"><span class='ocrx_word' id='word_1_92' title='bbox 247 1326 279 1376; x_wconf 89' lang='lat' dir='ltr'>Et</span> <span class='ocrx_word' id='word_1_93' title='bbox 295 1341 389 1374; x_wconf 86' lang='lat' dir='ltr'>nrecum</span> <span class='ocrx_word' id='word_1_94' title='bbox 405 1323 498 1374; x_wconf 77' lang='lat' dir='ltr'>vestros</span> <span class='ocrx_word' id='word_1_95' title='bbox 513 1324 574 1374; x_wconf 78' lang='lat' dir='ltr'>flore</span> <span class='ocrx_word' id='word_1_96' title='bbox 589 1327 683 1390; x_wconf 84' lang='lat' dir='ltr'>replete</span> <span class='ocrx_word' id='word_1_97' title='bbox 699 1326 775 1378; x_wconf 82' lang='lat' dir='ltr'>sinus.</span> 
     </span>
     <span class='ocr_line' id='line_1_16' title="bbox 211 1398 773 1465; baseline -0.002 -14"><span class='ocrx_word' id='word_1_98' title='bbox 211 1399 294 1451; x_wconf 80' lang='lat' dir='ltr'>Praeda</span> <span class='ocrx_word' id='word_1_99' title='bbox 304 1398 423 1464; x_wconf 80' lang='lat' dir='ltr'>puellares</span> <span class='ocrx_word' id='word_1_100' title='bbox 438 1399 531 1448; x_wconf 81' lang='lat' dir='ltr'>animos</span> <span class='ocrx_word' id='word_1_101' title='bbox 547 1399 665 1465; x_wconf 75' lang='lat' dir='ltr'>proleilat</span> <span class='ocrx_word' id='word_1_102' title='bbox 678 1399 773 1460; x_wconf 76' lang='lat' dir='ltr'>inanis,</span> 
     </span>
     <span class='ocr_line' id='line_1_17' title="bbox 247 1471 700 1522; baseline 0.002 -1"><span class='ocrx_word' id='word_1_103' title='bbox 247 1472 278 1522; x_wconf 85' lang='lat' dir='ltr'>Er</span> <span class='ocrx_word' id='word_1_104' title='bbox 296 1487 346 1521; x_wconf 89' lang='lat' dir='ltr'>non</span> <span class='ocrx_word' id='word_1_105' title='bbox 359 1471 463 1521; x_wconf 82' lang='lat' dir='ltr'>sentitur</span> <span class='ocrx_word' id='word_1_106' title='bbox 477 1471 607 1521; x_wconf 80' lang='lat' dir='ltr'>sedulitate</span> <span class='ocrx_word' id='word_1_107' title='bbox 622 1473 700 1522; x_wconf 88' lang='lat' dir='ltr'>labor.</span> 
     </span>
     <span class='ocr_line' id='line_1_18' title="bbox 146 1545 841 1614; baseline -0.001 -16"><span class='ocrx_word' id='word_1_108' title='bbox 146 1563 198 1614; x_wconf 84' lang='lat'>435</span> <span class='ocrx_word' id='word_1_109' title='bbox 212 1547 273 1598; x_wconf 79' lang='lat' dir='ltr'>Haec</span> <span class='ocrx_word' id='word_1_110' title='bbox 289 1546 374 1612; x_wconf 83' lang='lat' dir='ltr'>implet</span> <span class='ocrx_word' id='word_1_111' title='bbox 390 1545 458 1594; x_wconf 89' lang='lat' dir='ltr'>lento</span> <span class='ocrx_word' id='word_1_112' title='bbox 477 1546 585 1594; x_wconf 84' lang='lat' dir='ltr'>calathos</span> <span class='ocrx_word' id='word_1_113' title='bbox 602 1561 616 1594; x_wconf 88' lang='lat' dir='ltr'>e</span> <span class='ocrx_word' id='word_1_114' title='bbox 632 1546 722 1595; x_wconf 79' lang='lat' dir='ltr'>virnine</span> <span class='ocrx_word' id='word_1_115' title='bbox 736 1558 841 1606; x_wconf 66' lang='lat' dir='ltr'>tentata</span> 
     </span>
     <span class='ocr_line' id='line_1_19' title="bbox 245 1619 829 1688; baseline -0.002 -18"><span class='ocrx_word' id='word_1_116' title='bbox 245 1620 312 1670; x_wconf 73' lang='lat' dir='ltr'>Haec‘</span> <span class='ocrx_word' id='word_1_117' title='bbox 325 1619 459 1686; x_wconf 84' lang='lat' dir='ltr'>gremium,</span> <span class='ocrx_word' id='word_1_118' title='bbox 478 1619 547 1668; x_wconf 80' lang='lat' dir='ltr'>laxos</span> <span class='ocrx_word' id='word_1_119' title='bbox 563 1619 679 1688; x_wconf 72' lang='lat' dir='ltr'>degrarat</span> <span class='ocrx_word' id='word_1_120' title='bbox 693 1620 736 1668; x_wconf 89' lang='lat' dir='ltr'>illa</span> <span class='ocrx_word' id='word_1_121' title='bbox 751 1620 829 1670; x_wconf 82' lang='lat' dir='ltr'>sinus.</span> 
     </span>
     <span class='ocr_line' id='line_1_20' title="bbox 208 1689 810 1760; baseline -0.007 -14"><span class='ocrx_word' id='word_1_122' title='bbox 208 1696 252 1746; x_wconf 86' lang='lat' dir='ltr'>illa</span> <span class='ocrx_word' id='word_1_123' title='bbox 269 1692 329 1760; x_wconf 76' lang='lat' dir='ltr'>legit</span> <span class='ocrx_word' id='word_1_124' title='bbox 345 1692 434 1742; x_wconf 74' lang='lat' dir='ltr'>calthas</span> <span class='ocrx_word' id='word_1_125' title='bbox 447 1707 454 1741; x_wconf 75' lang='grc' dir='ltr'>ι</span> <span class='ocrx_word' id='word_1_126' title='bbox 466 1691 523 1740; x_wconf 86' lang='lat' dir='ltr'>huie</span> <span class='ocrx_word' id='word_1_127' title='bbox 537 1691 591 1740; x_wconf 88' lang='lat' dir='ltr'>sunt</span> <span class='ocrx_word' id='word_1_128' title='bbox 606 1689 708 1740; x_wconf 86' lang='lat' dir='ltr'>violaria</span> <span class='ocrx_word' id='word_1_129' title='bbox 725 1707 810 1750; x_wconf 74' lang='lat' dir='ltr'>eur23</span> 
     </span>
     <span class='ocr_line' id='line_1_21' title="bbox 246 1762 779 1832; baseline -0.004 -16"><span class='ocrx_word' id='word_1_130' title='bbox 246 1768 289 1816; x_wconf 88' lang='lat' dir='ltr'>llla</span> <span class='ocrx_word' id='word_1_131' title='bbox 305 1780 451 1832; x_wconf 75' lang='lat' dir='ltr'>papavereas</span> <span class='ocrx_word' id='word_1_132' title='bbox 468 1762 576 1814; x_wconf 83' lang='lat' dir='ltr'>subsecat</span> <span class='ocrx_word' id='word_1_133' title='bbox 592 1779 674 1832; x_wconf 79' lang='lat' dir='ltr'>ungue</span> <span class='ocrx_word' id='word_1_134' title='bbox 689 1778 779 1815; x_wconf 75' lang='lat' dir='ltr'>eomas.</span> 
     </span>
     <span class='ocr_line' id='line_1_22' title="bbox 208 1837 927 1906; baseline 0.003 -17"><span class='ocrx_word' id='word_1_135' title='bbox 208 1841 275 1898; x_wconf 76' lang='lat' dir='ltr'>llas,</span> <span class='ocrx_word' id='word_1_136' title='bbox 287 1837 443 1906; x_wconf 73' lang='lat' dir='ltr'>Hyacinthe,</span> <span class='ocrx_word' id='word_1_137' title='bbox 455 1845 526 1887; x_wconf 82' lang='lat' dir='ltr'>tenes</span> <span class='ocrx_word' id='word_1_138' title='bbox 538 1853 545 1888; x_wconf 76' lang='lat' dir='ltr'>a</span> <span class='ocrx_word' id='word_1_139' title='bbox 559 1837 627 1895; x_wconf 80' lang='lat' dir='ltr'>illae,</span> <span class='ocrx_word' id='word_1_140' title='bbox 640 1838 787 1898; x_wconf 70' lang='lat' dir='ltr'>limante,</span> <span class='ocrx_word' id='word_1_141' title='bbox 797 1841 904 1893; x_wconf 77' lang='lat' dir='ltr'>moraris</span> <span class='ocrx_word' id='word_1_142' title='bbox 916 1861 927 1903; x_wconf 65' lang='grc' dir='ltr'><strong>ς</strong></span> 
     </span>
     <span class='ocr_line' id='line_1_23' title="bbox 145 1912 905 1979; baseline 0.003 -15"><span class='ocrx_word' id='word_1_143' title='bbox 145 1930 199 1977; x_wconf 87' lang='lat'>440</span> <span class='ocrx_word' id='word_1_144' title='bbox 248 1912 305 1963; x_wconf 86' lang='lat' dir='ltr'>Pars</span> <span class='ocrx_word' id='word_1_145' title='bbox 316 1912 415 1979; x_wconf 82' lang='lat' dir='ltr'>thyma,</span> <span class='ocrx_word' id='word_1_146' title='bbox 426 1926 480 1977; x_wconf 80' lang='lat' dir='ltr'>para</span> <span class='ocrx_word' id='word_1_147' title='bbox 492 1912 595 1969; x_wconf 67' lang='lat' dir='ltr'>tarum,</span> <span class='ocrx_word' id='word_1_148' title='bbox 606 1926 661 1976; x_wconf 81' lang='lat' dir='ltr'>part</span> <span class='ocrx_word' id='word_1_149' title='bbox 673 1913 799 1963; x_wconf 80' lang='lat' dir='ltr'>meliloton</span> <span class='ocrx_word' id='word_1_150' title='bbox 810 1930 905 1966; x_wconf 78' lang='lat' dir='ltr'>amant.</span> 
     </span>
     <span class='ocr_line' id='line_1_24' title="bbox 209 1983 926 2043; baseline 0.006 -5"><span class='ocrx_word' id='word_1_151' title='bbox 209 1986 313 2038; x_wconf 84' lang='lat' dir='ltr'>Plurima</span> <span class='ocrx_word' id='word_1_152' title='bbox 329 1984 389 2033; x_wconf 77' lang='lat' dir='ltr'>lesia</span> <span class='ocrx_word' id='word_1_153' title='bbox 404 1983 457 2034; x_wconf 87' lang='lat' dir='ltr'>rosa</span> <span class='ocrx_word' id='word_1_154' title='bbox 472 1983 526 2041; x_wconf 67' lang='lat' dir='ltr'>este</span> <span class='ocrx_word' id='word_1_155' title='bbox 545 1984 571 2033; x_wconf 74' lang='grc' dir='ltr'>δι</span> <span class='ocrx_word' id='word_1_156' title='bbox 586 1984 639 2034; x_wconf 85' lang='lat' dir='ltr'>sunt</span> <span class='ocrx_word' id='word_1_157' title='bbox 652 1985 706 2036; x_wconf 79' lang='lat' dir='ltr'>sine</span> <span class='ocrx_word' id='word_1_158' title='bbox 718 1983 817 2037; x_wconf 78' lang='grc' dir='ltr'>ιιοιιιίιιε</span> <span class='ocrx_word' id='word_1_159' title='bbox 832 1988 926 2043; x_wconf 79' lang='lat' dir='ltr'>flores.</span> 
     </span>
     <span class='ocr_line' id='line_1_25' title="bbox 245 2056 790 2128; baseline 0.007 -20"><span class='ocrx_word' id='word_1_160' title='bbox 245 2058 298 2125; x_wconf 89' lang='lat' dir='ltr'>lpsa</span> <span class='ocrx_word' id='word_1_161' title='bbox 313 2072 399 2107; x_wconf 83' lang='lat' dir='ltr'>crocos</span> <span class='ocrx_word' id='word_1_162' title='bbox 414 2069 521 2115; x_wconf 58' lang='lat' dir='ltr'>tenues,</span> <span class='ocrx_word' id='word_1_163' title='bbox 538 2056 635 2123; x_wconf 83' lang='lat' dir='ltr'>liliaque</span> <span class='ocrx_word' id='word_1_164' title='bbox 649 2060 705 2109; x_wconf 79' lang='lat' dir='ltr'>alba</span> <span class='ocrx_word' id='word_1_165' title='bbox 720 2058 790 2128; x_wconf 77' lang='lat' dir='ltr'>legit.</span> 
     </span>
     <span class='ocr_line' id='line_1_26' title="bbox 210 2130 748 2198; baseline -0.002 -15"><span class='ocrx_word' id='word_1_166' title='bbox 210 2130 331 2197; x_wconf 89' lang='lat' dir='ltr'>Carpendi</span> <span class='ocrx_word' id='word_1_167' title='bbox 345 2130 422 2180; x_wconf 85' lang='lat' dir='ltr'>studio</span> <span class='ocrx_word' id='word_1_168' title='bbox 438 2130 553 2196; x_wconf 81' lang='lat' dir='ltr'>paulatim</span> <span class='ocrx_word' id='word_1_169' title='bbox 566 2130 663 2198; x_wconf 73' lang='lat' dir='ltr'>longius</span> <span class='ocrx_word' id='word_1_170' title='bbox 678 2133 726 2182; x_wconf 89' lang='lat' dir='ltr'>itur</span> <span class='ocrx_word' id='word_1_171' title='bbox 738 2149 748 2191; x_wconf 69' lang='grc' dir='ltr'><strong><em>ς</em></strong></span> 
     </span>
     <span class='ocr_line' id='line_1_27' title="bbox 244 2203 767 2257; baseline -0.002 0"><span class='ocrx_word' id='word_1_172' title='bbox 244 2204 411 2257; x_wconf 72' lang='lat' dir='ltr'>Iit-dominam</span> <span class='ocrx_word' id='word_1_173' title='bbox 428 2203 483 2253; x_wconf 87' lang='lat' dir='ltr'>casu</span> <span class='ocrx_word' id='word_1_174' title='bbox 498 2205 563 2253; x_wconf 87' lang='lat' dir='ltr'>nulla</span> <span class='ocrx_word' id='word_1_175' title='bbox 577 2203 657 2253; x_wconf 83' lang='lat' dir='ltr'>secuta</span> <span class='ocrx_word' id='word_1_176' title='bbox 674 2220 767 2256; x_wconf 80' lang='lat' dir='ltr'>tornet.</span> 
     </span>
     <span class='ocr_line' id='line_1_28' title="bbox 144 2274 880 2342; baseline 0 -11"><span class='ocrx_word' id='word_1_177' title='bbox 144 2294 195 2342; x_wconf 82' lang='lat'>445</span> <span class='ocrx_word' id='word_1_178' title='bbox 209 2278 279 2331; x_wconf 86' lang='lat' dir='ltr'>Hanc</span> <span class='ocrx_word' id='word_1_179' title='bbox 295 2278 364 2329; x_wconf 86' lang='lat' dir='ltr'>videt</span> <span class='ocrx_word' id='word_1_180' title='bbox 376 2310 383 2336; x_wconf 85' lang='lat'>‚</span> <span class='ocrx_word' id='word_1_181' title='bbox 401 2278 427 2329; x_wconf 76' lang='grc' dir='ltr'>δι</span> <span class='ocrx_word' id='word_1_182' title='bbox 441 2274 514 2327; x_wconf 80' lang='lat' dir='ltr'>visam</span> <span class='ocrx_word' id='word_1_183' title='bbox 529 2287 629 2342; x_wconf 83' lang='lat' dir='ltr'>patruus</span> <span class='ocrx_word' id='word_1_184' title='bbox 642 2279 762 2329; x_wconf 81' lang='lat' dir='ltr'>velociter</span> <span class='ocrx_word' id='word_1_185' title='bbox 776 2280 880 2342; x_wconf 87' lang='lat' dir='ltr'>ausert;</span> 
     </span>
     <span class='ocr_line' id='line_1_29' title="bbox 244 2349 789 2420; baseline 0 -17"><span class='ocrx_word' id='word_1_186' title='bbox 244 2352 376 2420; x_wconf 80' lang='lat' dir='ltr'>Regnaque</span> <span class='ocrx_word' id='word_1_187' title='bbox 393 2350 502 2401; x_wconf 74' lang='lat' dir='ltr'>ceruleis</span> <span class='ocrx_word' id='word_1_188' title='bbox 518 2350 542 2399; x_wconf 91' lang='lat' dir='ltr'>in</span> <span class='ocrx_word' id='word_1_189' title='bbox 557 2349 597 2399; x_wconf 87' lang='lat' dir='ltr'>sua</span> <span class='ocrx_word' id='word_1_190' title='bbox 612 2362 695 2417; x_wconf 83' lang='lat' dir='ltr'>portat</span> <span class='ocrx_word' id='word_1_191' title='bbox 710 2354 789 2420; x_wconf 80' lang='lat' dir='ltr'>equis.</span> 
     </span>
     <span class='ocr_line' id='line_1_30' title="bbox 205 2422 825 2491; baseline -0.003 -14"><span class='ocrx_word' id='word_1_192' title='bbox 205 2427 250 2478; x_wconf 87' lang='lat' dir='ltr'>llla</span> <span class='ocrx_word' id='word_1_193' title='bbox 263 2425 362 2491; x_wconf 84' lang='lat' dir='ltr'>quidem</span> <span class='ocrx_word' id='word_1_194' title='bbox 374 2424 491 2473; x_wconf 83' lang='lat' dir='ltr'>clamabat</span> <span class='ocrx_word' id='word_1_195' title='bbox 503 2438 512 2481; x_wconf 73' lang='grc' dir='ltr'><strong>ς</strong></span> <span class='ocrx_word' id='word_1_196' title='bbox 530 2422 576 2481; x_wconf 80' lang='lat' dir='ltr'>lo,</span> <span class='ocrx_word' id='word_1_197' title='bbox 595 2424 715 2474; x_wconf 78' lang='lat' dir='ltr'>rarissima</span> <span class='ocrx_word' id='word_1_198' title='bbox 729 2437 825 2485; x_wconf 83' lang='lat' dir='ltr'>mater,</span> 
     </span>
     <span class='ocr_line' id='line_1_31' title="bbox 242 2496 789 2564; baseline 0.002 -16"><span class='ocrx_word' id='word_1_199' title='bbox 242 2498 367 2549; x_wconf 79' lang='lat' dir='ltr'>Auferor:</span> <span class='ocrx_word' id='word_1_200' title='bbox 384 2496 431 2561; x_wconf 85' lang='lat' dir='ltr'>ipsa</span> <span class='ocrx_word' id='word_1_201' title='bbox 443 2497 498 2546; x_wconf 80' lang='lat' dir='ltr'>suos</span> <span class='ocrx_word' id='word_1_202' title='bbox 516 2496 696 2564; x_wconf 78' lang='lat' dir='ltr'>abscideratque</span> <span class='ocrx_word' id='word_1_203' title='bbox 712 2498 789 2549; x_wconf 77' lang='lat' dir='ltr'>sinus.</span> 
     </span>
     <span class='ocr_line' id='line_1_32' title="bbox 204 2569 804 2637; baseline -0.002 -13"><span class='ocrx_word' id='word_1_204' title='bbox 204 2571 320 2624; x_wconf 85' lang='lat' dir='ltr'>Panditur</span> <span class='ocrx_word' id='word_1_205' title='bbox 334 2570 426 2620; x_wconf 80' lang='lat' dir='ltr'>interea</span> <span class='ocrx_word' id='word_1_206' title='bbox 441 2570 495 2621; x_wconf 88' lang='lat' dir='ltr'>Diti</span> <span class='ocrx_word' id='word_1_207' title='bbox 508 2571 567 2621; x_wconf 76' lang='lat' dir='ltr'>via.</span> <span class='ocrx_word' id='word_1_208' title='bbox 559 2586 567 2598; x_wconf 95' lang='lat'><strong>·</strong></span> <span class='ocrx_word' id='word_1_209' title='bbox 578 2569 675 2637; x_wconf 81' lang='lat' dir='ltr'>jamque</span> <span class='ocrx_word' id='word_1_210' title='bbox 691 2571 804 2623; x_wconf 78' lang='lat' dir='ltr'>diurnum</span> 
     </span>
     <span class='ocr_line' id='line_1_33' title="bbox 142 2643 733 2713; baseline -0.005 -15"><span class='ocrx_word' id='word_1_211' title='bbox 142 2664 196 2713; x_wconf 83' lang='lat'>450</span> <span class='ocrx_word' id='word_1_212' title='bbox 244 2645 337 2695; x_wconf 85' lang='lat' dir='ltr'>Lumen</span> <span class='ocrx_word' id='word_1_213' title='bbox 350 2643 458 2694; x_wconf 87' lang='lat' dir='ltr'>inassueti</span> <span class='ocrx_word' id='word_1_214' title='bbox 471 2644 514 2692; x_wconf 79' lang='lat' dir='ltr'>vix</span> <span class='ocrx_word' id='word_1_215' title='bbox 527 2644 652 2709; x_wconf 83' lang='lat' dir='ltr'>patiuntur</span> <span class='ocrx_word' id='word_1_216' title='bbox 666 2645 733 2710; x_wconf 87' lang='lat' dir='ltr'>equi.</span> 
     </span>
     <span class='ocr_line' id='line_1_34' title="bbox 204 2716 841 2793; baseline -0.002 -23"><span class='ocrx_word' id='word_1_217' title='bbox 204 2719 239 2793; x_wconf 60' lang='lat' dir='ltr'>ht</span> <span class='ocrx_word' id='word_1_218' title='bbox 256 2719 344 2768; x_wconf 85' lang='lat' dir='ltr'>chorus</span> <span class='ocrx_word' id='word_1_219' title='bbox 359 2716 474 2783; x_wconf 70' lang='lat' dir='ltr'>aqualia,</span> <span class='ocrx_word' id='word_1_220' title='bbox 494 2719 621 2767; x_wconf 73' lang='lat' dir='ltr'>cumulatis</span> <span class='ocrx_word' id='word_1_221' title='bbox 635 2717 696 2767; x_wconf 84' lang='lat' dir='ltr'>flore</span> <span class='ocrx_word' id='word_1_222' title='bbox 714 2717 841 2777; x_wconf 73' lang='lat' dir='ltr'>canistris·</span> 
     </span>
     <span class='ocr_line' id='line_1_35' title="bbox 213 2778 815 2857; baseline -0.002 -15.95"><span class='ocrx_word' id='word_1_223' title='bbox 213 2778 413 2857; x_wconf 84' lang='lat' dir='ltr'>Persephone,</span> <span class='ocrx_word' id='word_1_224' title='bbox 432 2792 555 2847; x_wconf 84' lang='lat' dir='ltr'>clamant,</span> <span class='ocrx_word' id='word_1_225' title='bbox 572 2789 602 2838; x_wconf 92' lang='lat' dir='ltr'>ad</span> <span class='ocrx_word' id='word_1_226' title='bbox 613 2800 656 2839; x_wconf 89' lang='lat' dir='ltr'>tua</span> <span class='ocrx_word' id='word_1_227' title='bbox 669 2791 732 2840; x_wconf 87' lang='lat' dir='ltr'>duna</span> <span class='ocrx_word' id='word_1_228' title='bbox 748 2792 815 2841; x_wconf 83' lang='lat' dir='ltr'>veni.</span> 
     </span>
     <span class='ocr_line' id='line_1_36' title="bbox 204 2864 841 2930; baseline -0.006 -11"><span class='ocrx_word' id='word_1_229' title='bbox 204 2866 241 2919; x_wconf 88' lang='lat' dir='ltr'>Ut</span> <span class='ocrx_word' id='word_1_230' title='bbox 257 2866 356 2916; x_wconf 85' lang='lat' dir='ltr'>clamata</span> <span class='ocrx_word' id='word_1_231' title='bbox 371 2866 447 2922; x_wconf 85' lang='lat' dir='ltr'>silet,</span> <span class='ocrx_word' id='word_1_232' title='bbox 463 2876 559 2913; x_wconf 81' lang='lat' dir='ltr'>montes</span> <span class='ocrx_word' id='word_1_233' title='bbox 573 2864 702 2913; x_wconf 81' lang='lat' dir='ltr'>ululatibus</span> <span class='ocrx_word' id='word_1_234' title='bbox 717 2865 841 2930; x_wconf 78' lang='lat' dir='ltr'>implent3</span> 
     </span>
    </p>
   </div>
   <div class='ocr_carea' id='block_1_3' title="bbox 239 2934 776 3003">
    <p class='ocr_par' dir='ltr' id='par_1_3' title="bbox 239 2934 776 3003">
     <span class='ocr_line' id='line_1_37' title="bbox 239 2934 776 3003; baseline 0.002 -14"><span class='ocrx_word' id='word_1_235' title='bbox 239 2938 272 2990; x_wconf 82' lang='lat' dir='ltr'>Et</span> <span class='ocrx_word' id='word_1_236' title='bbox 286 2938 376 2991; x_wconf 84' lang='lat' dir='ltr'>feriunt</span> <span class='ocrx_word' id='word_1_237' title='bbox 390 2937 477 2991; x_wconf 76' lang='lat' dir='ltr'>nelle</span> <span class='ocrx_word' id='word_1_238' title='bbox 491 2934 591 3003; x_wconf 73' lang='lat' dir='ltr'>pedore</span> <span class='ocrx_word' id='word_1_239' title='bbox 606 2937 669 2989; x_wconf 77' lang='lat' dir='ltr'>nuda</span> <span class='ocrx_word' id='word_1_240' title='bbox 683 2952 776 2990; x_wconf 76' lang='lat' dir='ltr'>uanus.</span> 
     </span>
    </p>
   </div>
   <div class='ocr_carea' id='block_1_4' title="bbox 0 0 992 3700">
    <p class='ocr_par' dir='ltr' id='par_1_4' title="bbox 0 0 992 3700">
     <span class='ocr_line' id='line_1_38' title="bbox 0 0 992 3700; baseline 0 3"><span class='ocrx_word' id='word_1_241' title='bbox 0 0 992 3700; x_wconf 95' lang='lat' dir='ltr'> </span> 
     </span>
    </p>
   </div>
  </div>
 </body>
</html>
