1975 3700
172 201 264 349 ¹308
315 255 358 328 P.
387 256 583 326 Orrnrr
609 254 844 325 Nasonrs

187 373 226 422 Sic
244 389 292 440 ego
310 372 428 424 contiuuo
446 375 563 424 Fortuna
579 375 696 424 vulneror
710 373 779 426 iou:

223 446 324 511 Vixque
335 446 408 496 hebet
424 447 449 496 in
459 447 530 498 uobis
544 446 593 512 jam
603 464 668 496 nova
677 448 749 514 plaga
762 447 859 502 locum.

188 519 242 572 Nec
257 518 331 585 magis
346 519 442 570 assiduo
456 537 542 571 vomer
556 532 670 570 tenuatur
682 521 713 569 ab
727 520 789 580 usu,

223 593 278 640 Nec
295 591 369 659 magis
385 591 419 642 esi
436 595 517 644 curvis
529 592 610 658 Appia
623 593 681 642 trito
695 592 778 651 rotis3

145 683 174 728 45
189 663 289 715 Peliora
305 668 376 730 quim
391 681 445 716 inea
461 666 515 716 sunt
530 665 591 716 serie
609 677 700 716 caeceta
713 667 848 719 laborum:

224 737 255 787 Et
271 737 330 787 nihil
346 738 449 797 inveni,
467 739 534 805 quod
551 739 609 788 mibi
624 738 703 789 sertet
717 755 800 804 opem.

186 811 287 861 Artibus
304 810 415 880 ingenuis
431 811 531 878 quesita
546 811 580 862 esi
594 812 671 878 gloria
687 812 790 864 multis:

223 883 312 933 Infelix
328 884 388 950 perii
404 885 502 937 dotibus
517 885 567 951 ipse
583 886 653 936 meis.

187 957 247 1008 Vita
263 957 329 1042 ppor
345 957 406 1008 virio
424 969 512 1015 caret,
529 958 556 1008 bt
570 958 623 1008 sine
640 958 695 1008 labe
711 957 833 1022 perusiae

147 1049 177 1092 50
225 1030 316 1080 Auxilii
333 1030 419 1082 misero
435 1032 468 1080 nil
484 1031 541 1080 tulit
556 1031 597 1081 illa
612 1030 679 1082 mibi·
705 1091 708 1094 ⁴
734 1048 737 1053 ⁴

189 1103 269 1169 Culpa
285 1104 364 1171 gravis
381 1105 492 1170 precibus
510 1105 614 1154 donetur
630 1104 694 1169 sepe
711 1102 831 1157 suorum

225 1177 312 1228 Omnis
328 1191 373 1242 pro
388 1178 457 1230 nobit
472 1177 549 1244 gretie
562 1190 628 1230 muto
644 1176 710 1228 suit..

187 1248 295 1315 Adjuvat
312 1249 336 1299 in
352 1250 417 1302 duris
433 1249 494 1300 alios
510 1251 636 1315 presentia
651 1251 746 1302 rebus:

226 1321 316 1373 Obruit
332 1322 379 1372 hoc
394 1323 478 1373 absens
495 1322 558 1372 vasta
574 1324 682 1389 procelle
699 1334 781 1388 caput.

147 1410 177 1457 55
192 1393 256 1458 Quae
267 1411 315 1444 non
326 1395 465 1446 horruerint
475 1395 573 1466 tacitam
582 1412 679 1462 quoque
691 1394 792 1448 Caesaris
801 1394 891 1449 barn?

227 1467 315 1516 Addita
331 1466 385 1518 sunt
401 1468 479 1533 poenis
495 1469 576 1534 aspera
591 1470 667 1520 verba
681 1469 752 1520 meis.

189 1541 227 1590 Fit
243 1540 299 1606 suga
314 1539 463 1606 temporibus
481 1542 582 1592 levior:
599 1540 722 1607 projeetus
738 1541 765 1592 in
780 1558 868 1610 aequor

226 1613 352 1664 Arsiutum
369 1614 429 1664 subii
445 1613 620 1680 Pleiadumque
636 1615 721 1665 ruinas.

191 1686 260 1751 Saepe
278 1686 356 1736 solent
370 1687 474 1736 hiemem
488 1687 607 1752 placidam
623 1686 711 1736 sentire
727 1685 837 1740 cariuaet

146 1754 180 1807 60
231 1759 287 1808 Non
304 1759 394 1818 lthacae
409 1761 483 1826 puppi
499 1759 585 1810 sevior
600 1759 664 1810 unda
680 1759 737 1810 suit.

191 1831 264 1883 uena
281 1830 341 1882 fides
358 1833 473 1884 comitum
488 1844 586 1898 poterat
601 1834 662 1883 mala
675 1831 755 1885 nostra
766 1833 875 1887 levaret

226 1905 311 1955 Ditata
325 1904 357 1955 esi
372 1905 452 1971 spoliis
468 1904 559 1971 perfida
573 1908 645 1957 turba
658 1906 728 1957 meis.

190 1977 275 2027 Mitius
293 1978 403 2027 exsilium
419 1978 511 2029 faciunt
526 1980 582 2029 loca
593 1994 603 2029 t
614 1979 701 2029 tristior
715 1977 757 2029 istu

226 2050 304 2099 Terra
320 2051 361 2099 sub
373 2053 488 2101 ambobus
503 2068 553 2102 non
566 2050 634 2118 jacet
649 2054 697 2104 ulle
712 2050 785 2118 polis·

145 2123 176 2185 65
193 2122 232 2172 Est
250 2123 339 2189 aliquid
355 2124 437 2189 patriis
454 2125 561 2175 vicinum
577 2123 663 2175 finibus
680 2124 749 2175 esser

228 2196 318 2255 Ultima
333 2213 372 2247 me
387 2198 478 2256 tellus,
496 2198 593 2249 ultimus
607 2198 673 2247 orbis
687 2198 772 2247 hebet.

190 2267 287 2331 Praestat
304 2270 329 2323 δι
346 2271 465 2321 exsulibus
481 2287 566 2335 pacem
582 2282 624 2319 tue
640 2272 741 2329 laurea,
761 2269 866 2324 Caesare

226 2342 326 2393 Pontica
339 2342 440 2395 finitimo
454 2356 520 2393 terre
533 2343 574 2394 sub
588 2342 656 2394 hoste
671 2342 746 2409 jacet.

189 2414 297 2480 Tempus
313 2417 338 2466 in
354 2433 465 2484 agrorum
482 2418 549 2465 cultu
565 2416 706 2466 consumere
720 2410 793 2466 dulce
807 2416 865 2471 esi:

145 2504 179 2552 70
227 2482 284 2537 Non
300 2490 389 2554 paritur
404 2490 467 2538 verti
480 2490 592 2539 barbarus
608 2488 681 2539 hessis
695 2490 803 2539 humum.

189 2560 320 2626 Temperie
338 2562 394 2611 coeli
409 2578 546 2628 corpusque
562 2562 702 2629 animusque
717 2560 854 2627 juventure

229 2634 328 2701 Frigore
345 2646 464 2700 perpetuo
482 2635 595 2687 Sarmatis
610 2651 653 2685 ota
669 2635 743 2701 riget.

190 2706 228 2757 Eli
245 2708 269 2756 in
284 2722 344 2773 aqua
359 2707 421 2757 dulei
436 2724 485 2757 non
502 2708 618 2759 invidiosa
631 2707 762 2773 voluptate

226 2779 353 2845 AEquoteo
366 2781 454 2831 bibitur
471 2798 525 2831 curn
540 2782 587 2831 sale
604 2781 679 2831 mixte
693 2782 773 2845 palus·

146 2868 179 2916 75
195 2852 282 2905 Omnia
297 2851 410 2905 deficiunt
424 2855 535 2905 :enimus
553 2867 634 2903 tamen
647 2853 726 2904 omnia
740 2850 829 2908 vincit.

214 2926 273 2983 ,lle
289 2927 361 2981 etiarn
376 2929 440 2979 vires
456 2928 649 3009 corputnbebete
663 2927 732 2981 tacit.
