<?xml version="1.0" encoding="UTF-8"?>
<!DOCTYPE html PUBLIC "-//W3C//DTD XHTML 1.0 Transitional//EN"
    "http://www.w3.org/TR/xhtml1/DTD/xhtml1-transitional.dtd">
<html xmlns="http://www.w3.org/1999/xhtml" xml:lang="en" lang="en">
 <head>
  <title>
</title>
<meta http-equiv="Content-Type" content="text/html;charset=utf-8" />
  <meta name='ocr-system' content='tesseract 3.04.00' />
  <meta name='ocr-capabilities' content='ocr_page ocr_carea ocr_par ocr_line ocrx_word'/>
</head>
<body>
  <div class='ocr_page' id='page_1' title='image "./povidiinasoniso00unkngoog_0302.png"; bbox 0 0 1975 3700; ppageno 0'>
   <div class='ocr_carea' id='block_1_1' title="bbox 118 257 788 354">
    <p class='ocr_par' dir='ltr' id='par_1_1' title="bbox 118 257 788 354">
     <span class='ocr_line' id='line_1_1' title="bbox 118 257 788 354; baseline 0.009 -28"><span class='ocrx_word' id='word_1_1' title='bbox 118 257 264 330; x_wconf 70' lang='lat' dir='ltr'>Error.</span> <span class='ocrx_word' id='word_1_2' title='bbox 291 273 359 328; x_wconf 76' lang='lat' dir='ltr'>rrrr</span> <span class='ocrx_word' id='word_1_3' title='bbox 386 259 529 328; x_wconf 76' lang='lat' dir='ltr'>Porrro</span> <span class='ocrx_word' id='word_1_4' title='bbox 555 257 595 329; x_wconf 82' lang='lat' dir='ltr'>L.</span> <span class='ocrx_word' id='word_1_5' title='bbox 621 259 683 329; x_wconf 84' lang='grc' dir='ltr'>ΙΙ.</span> <span class='ocrx_word' id='word_1_6' title='bbox 712 279 788 354; x_wconf 82' lang='lat'>305</span> 
     </span>
    </p>
   </div>
   <div class='ocr_carea' id='block_1_2' title="bbox 67 377 835 1688">
    <p class='ocr_par' dir='ltr' id='par_1_2' title="bbox 67 377 835 1688">
     <span class='ocr_line' id='line_1_2' title="bbox 67 377 714 445; baseline -0.002 -16"><span class='ocrx_word' id='word_1_7' title='bbox 67 378 178 429; x_wconf 81' lang='lat' dir='ltr'><strong>Scilicet</strong></span> <span class='ocrx_word' id='word_1_8' title='bbox 193 377 296 445; x_wconf 80' lang='lat' dir='ltr'>ingeniis</span> <span class='ocrx_word' id='word_1_9' title='bbox 313 378 392 444; x_wconf 80' lang='lat' dir='ltr'>aliqua</span> <span class='ocrx_word' id='word_1_10' title='bbox 410 377 443 428; x_wconf 83' lang='lat' dir='ltr'>est</span> <span class='ocrx_word' id='word_1_11' title='bbox 459 379 590 428; x_wconf 76' lang='lat' dir='ltr'>concordia</span> <span class='ocrx_word' id='word_1_12' title='bbox 606 377 714 444; x_wconf 66' lang='lat' dir='ltr'>juneiis,</span> 
     </span>
     <span class='ocr_line' id='line_1_3' title="bbox 110 451 835 518; baseline 0.004 -17"><span class='ocrx_word' id='word_1_13' title='bbox 110 452 146 502; x_wconf 79' lang='lat' dir='ltr'>Er</span> <span class='ocrx_word' id='word_1_14' title='bbox 162 453 241 502; x_wconf 81' lang='lat' dir='ltr'>servat</span> <span class='ocrx_word' id='word_1_15' title='bbox 254 451 323 500; x_wconf 87' lang='lat' dir='ltr'>studii</span> <span class='ocrx_word' id='word_1_16' title='bbox 337 452 429 502; x_wconf 85' lang='lat' dir='ltr'>foedera</span> <span class='ocrx_word' id='word_1_17' title='bbox 444 451 545 518; x_wconf 79' lang='lat' dir='ltr'>quisque</span> <span class='ocrx_word' id='word_1_18' title='bbox 561 452 606 502; x_wconf 84' lang='lat' dir='ltr'>sui.</span> <span class='ocrx_word' id='word_1_19' title='bbox 798 453 835 504; x_wconf 87' lang='grc' dir='ltr'>6ο</span> 
     </span>
     <span class='ocr_line' id='line_1_4' title="bbox 69 524 743 592; baseline 0.001 -16"><span class='ocrx_word' id='word_1_20' title='bbox 69 524 190 576; x_wconf 79' lang='lat' dir='ltr'>Rusticus</span> <span class='ocrx_word' id='word_1_21' title='bbox 204 525 351 592; x_wconf 79' lang='lat' dir='ltr'>agricolam,</span> <span class='ocrx_word' id='word_1_22' title='bbox 369 526 437 574; x_wconf 79' lang='lat' dir='ltr'>miles</span> <span class='ocrx_word' id='word_1_23' title='bbox 452 525 505 576; x_wconf 77' lang='lat' dir='ltr'>iero</span> <span class='ocrx_word' id='word_1_24' title='bbox 520 526 583 574; x_wconf 80' lang='lat' dir='ltr'>bella</span> <span class='ocrx_word' id='word_1_25' title='bbox 597 537 743 591; x_wconf 76' lang='lat' dir='ltr'>gerentem,</span> 
     </span>
     <span class='ocr_line' id='line_1_5' title="bbox 110 597 626 662; baseline 0 -14"><span class='ocrx_word' id='word_1_26' title='bbox 110 598 244 648; x_wconf 62' lang='lat' dir='ltr'>Reaorern</span> <span class='ocrx_word' id='word_1_27' title='bbox 261 598 340 647; x_wconf 71' lang='lat' dir='ltr'>dubie</span> <span class='ocrx_word' id='word_1_28' title='bbox 356 599 437 648; x_wconf 79' lang='lat' dir='ltr'>navita</span> <span class='ocrx_word' id='word_1_29' title='bbox 452 597 539 662; x_wconf 82' lang='lat' dir='ltr'>puppis</span> <span class='ocrx_word' id='word_1_30' title='bbox 553 610 626 649; x_wconf 78' lang='lat' dir='ltr'>amat.</span> 
     </span>
     <span class='ocr_line' id='line_1_6' title="bbox 68 670 743 737; baseline 0 -15"><span class='ocrx_word' id='word_1_31' title='bbox 68 672 115 722; x_wconf 88' lang='lat' dir='ltr'>Tu</span> <span class='ocrx_word' id='word_1_32' title='bbox 132 688 230 737; x_wconf 87' lang='lat' dir='ltr'>quoque</span> <span class='ocrx_word' id='word_1_33' title='bbox 246 670 365 720; x_wconf 75' lang='lat' dir='ltr'>Pidridum</span> <span class='ocrx_word' id='word_1_34' title='bbox 380 670 474 728; x_wconf 81' lang='lat' dir='ltr'>studio,</span> <span class='ocrx_word' id='word_1_35' title='bbox 492 670 613 730; x_wconf 83' lang='lat' dir='ltr'>studiose,</span> <span class='ocrx_word' id='word_1_36' title='bbox 631 674 743 732; x_wconf 78' lang='lat' dir='ltr'>teneris3</span> 
     </span>
     <span class='ocr_line' id='line_1_7' title="bbox 113 743 616 810; baseline 0 -18"><span class='ocrx_word' id='word_1_37' title='bbox 113 745 265 810; x_wconf 81' lang='lat' dir='ltr'>ingenioque</span> <span class='ocrx_word' id='word_1_38' title='bbox 280 744 368 803; x_wconf 82' lang='lat' dir='ltr'>faves,</span> <span class='ocrx_word' id='word_1_39' title='bbox 386 743 532 810; x_wconf 81' lang='lat' dir='ltr'>ingeniose,</span> <span class='ocrx_word' id='word_1_40' title='bbox 550 761 616 794; x_wconf 84' lang='lat' dir='ltr'>roeo.</span> 
     </span>
     <span class='ocr_line' id='line_1_8' title="bbox 69 816 832 882; baseline 0 -14"><span class='ocrx_word' id='word_1_41' title='bbox 69 816 158 868; x_wconf 77' lang='lat' dir='ltr'>Distat</span> <span class='ocrx_word' id='word_1_42' title='bbox 172 833 234 882; x_wconf 86' lang='lat' dir='ltr'>opus</span> <span class='ocrx_word' id='word_1_43' title='bbox 249 816 352 866; x_wconf 85' lang='lat' dir='ltr'>nostrum</span> <span class='ocrx_word' id='word_1_44' title='bbox 367 834 376 875; x_wconf 72' lang='grc' dir='ltr'><strong>ς</strong></span> <span class='ocrx_word' id='word_1_45' title='bbox 391 817 430 866; x_wconf 86' lang='lat' dir='ltr'>sed</span> <span class='ocrx_word' id='word_1_46' title='bbox 447 817 555 867; x_wconf 81' lang='lat' dir='ltr'>fontibus</span> <span class='ocrx_word' id='word_1_47' title='bbox 572 819 623 868; x_wconf 85' lang='lat' dir='ltr'>exit</span> <span class='ocrx_word' id='word_1_48' title='bbox 638 818 670 868; x_wconf 80' lang='lat' dir='ltr'>ab</span> <span class='ocrx_word' id='word_1_49' title='bbox 680 817 758 870; x_wconf 79' lang='lat' dir='ltr'>isdem</span> <span class='ocrx_word' id='word_1_50' title='bbox 771 833 780 870; x_wconf 76' lang='lat' dir='ltr'>t</span> <span class='ocrx_word' id='word_1_51' title='bbox 798 817 832 881; x_wconf 83' lang='lat'>65</span> 
     </span>
     <span class='ocr_line' id='line_1_9' title="bbox 113 890 673 957; baseline 0.005 -18"><span class='ocrx_word' id='word_1_52' title='bbox 113 890 183 940; x_wconf 80' lang='lat' dir='ltr'>Artis</span> <span class='ocrx_word' id='word_1_53' title='bbox 200 891 352 957; x_wconf 72' lang='lat' dir='ltr'>&amp;ingenuae</span> <span class='ocrx_word' id='word_1_54' title='bbox 369 892 450 940; x_wconf 80' lang='lat' dir='ltr'>cultor</span> <span class='ocrx_word' id='word_1_55' title='bbox 466 902 570 956; x_wconf 84' lang='lat' dir='ltr'>uterque</span> <span class='ocrx_word' id='word_1_56' title='bbox 585 891 673 942; x_wconf 79' lang='lat' dir='ltr'><strong>sumus.</strong></span> 
     </span>
     <span class='ocr_line' id='line_1_10' title="bbox 69 961 726 1030; baseline 0.006 -18"><span class='ocrx_word' id='word_1_57' title='bbox 69 961 187 1030; x_wconf 84' lang='lat' dir='ltr'>Thyrius</span> <span class='ocrx_word' id='word_1_58' title='bbox 201 963 265 1012; x_wconf 87' lang='lat' dir='ltr'>enim</span> <span class='ocrx_word' id='word_1_59' title='bbox 280 965 370 1022; x_wconf 81' lang='lat' dir='ltr'>vobis,</span> <span class='ocrx_word' id='word_1_60' title='bbox 386 963 475 1030; x_wconf 79' lang='lat' dir='ltr'>gestata</span> <span class='ocrx_word' id='word_1_61' title='bbox 491 962 525 1012; x_wconf 84' lang='lat' dir='ltr'>est</span> <span class='ocrx_word' id='word_1_62' title='bbox 539 965 621 1013; x_wconf 75' lang='lat' dir='ltr'>laurea</span> <span class='ocrx_word' id='word_1_63' title='bbox 634 963 726 1025; x_wconf 64' lang='lat' dir='ltr'>nobiss</span> 
     </span>
     <span class='ocr_line' id='line_1_11' title="bbox 113 1035 660 1088; baseline 0.004 -4"><span class='ocrx_word' id='word_1_64' title='bbox 113 1036 164 1085; x_wconf 86' lang='lat' dir='ltr'>Sed</span> <span class='ocrx_word' id='word_1_65' title='bbox 180 1049 259 1086; x_wconf 75' lang='lat' dir='ltr'>tamen</span> <span class='ocrx_word' id='word_1_66' title='bbox 273 1037 389 1086; x_wconf 77' lang='lat' dir='ltr'>ambobus</span> <span class='ocrx_word' id='word_1_67' title='bbox 406 1037 480 1088; x_wconf 85' lang='lat' dir='ltr'>deber</span> <span class='ocrx_word' id='word_1_68' title='bbox 495 1035 568 1086; x_wconf 81' lang='lat' dir='ltr'>ineise</span> <span class='ocrx_word' id='word_1_69' title='bbox 584 1040 660 1088; x_wconf 81' lang='lat' dir='ltr'>calor.</span> 
     </span>
     <span class='ocr_line' id='line_1_12' title="bbox 70 1108 723 1174; baseline 0.003 -14"><span class='ocrx_word' id='word_1_70' title='bbox 70 1108 161 1174; x_wconf 82' lang='lat' dir='ltr'>thue</span> <span class='ocrx_word' id='word_1_71' title='bbox 177 1111 235 1160; x_wconf 81' lang='lat' dir='ltr'>meis</span> <span class='ocrx_word' id='word_1_72' title='bbox 253 1111 357 1160; x_wconf 84' lang='lat' dir='ltr'>numeris</span> <span class='ocrx_word' id='word_1_73' title='bbox 373 1122 416 1159; x_wconf 80' lang='lat' dir='ltr'>tua</span> <span class='ocrx_word' id='word_1_74' title='bbox 432 1111 472 1160; x_wconf 76' lang='lat' dir='ltr'>dot</span> <span class='ocrx_word' id='word_1_75' title='bbox 488 1109 598 1160; x_wconf 75' lang='lat' dir='ltr'>facundia</span> <span class='ocrx_word' id='word_1_76' title='bbox 612 1127 723 1165; x_wconf 78' lang='lat' dir='ltr'>nervos:</span> 
     </span>
     <span class='ocr_line' id='line_1_13' title="bbox 112 1182 833 1250; baseline 0.003 -18"><span class='ocrx_word' id='word_1_77' title='bbox 112 1182 154 1232; x_wconf 85' lang='lat' dir='ltr'>Sic</span> <span class='ocrx_word' id='word_1_78' title='bbox 169 1183 237 1232; x_wconf 83' lang='lat' dir='ltr'>venit</span> <span class='ocrx_word' id='word_1_79' title='bbox 251 1199 264 1232; x_wconf 81' lang='lat' dir='ltr'>a</span> <span class='ocrx_word' id='word_1_80' title='bbox 279 1183 348 1232; x_wconf 85' lang='lat' dir='ltr'>nobis</span> <span class='ocrx_word' id='word_1_81' title='bbox 364 1183 389 1232; x_wconf 91' lang='lat' dir='ltr'>in</span> <span class='ocrx_word' id='word_1_82' title='bbox 406 1195 446 1232; x_wconf 79' lang='lat' dir='ltr'>tua</span> <span class='ocrx_word' id='word_1_83' title='bbox 461 1184 536 1232; x_wconf 78' lang='lat' dir='ltr'>verba</span> <span class='ocrx_word' id='word_1_84' title='bbox 550 1184 625 1234; x_wconf 81' lang='lat' dir='ltr'>nitor.</span> <span class='ocrx_word' id='word_1_85' title='bbox 796 1200 833 1250; x_wconf 88' lang='lat'>70</span> 
     </span>
     <span class='ocr_line' id='line_1_14' title="bbox 71 1253 672 1322; baseline 0 -15"><span class='ocrx_word' id='word_1_86' title='bbox 71 1254 135 1307; x_wconf 81' lang='lat' dir='ltr'>Iure</span> <span class='ocrx_word' id='word_1_87' title='bbox 153 1255 227 1322; x_wconf 81' lang='lat' dir='ltr'>igitur</span> <span class='ocrx_word' id='word_1_88' title='bbox 243 1255 318 1306; x_wconf 79' lang='lat' dir='ltr'>studio</span> <span class='ocrx_word' id='word_1_89' title='bbox 333 1253 437 1305; x_wconf 84' lang='lat' dir='ltr'>confinia</span> <span class='ocrx_word' id='word_1_90' title='bbox 452 1257 556 1308; x_wconf 78' lang='lat' dir='ltr'>carmina</span> <span class='ocrx_word' id='word_1_91' title='bbox 571 1255 672 1316; x_wconf 76' lang='lat' dir='ltr'>vestio,</span> 
     </span>
     <span class='ocr_line' id='line_1_15' title="bbox 113 1327 579 1395; baseline 0 -17"><span class='ocrx_word' id='word_1_92' title='bbox 113 1327 146 1378; x_wconf 89' lang='lat' dir='ltr'>Et</span> <span class='ocrx_word' id='word_1_93' title='bbox 164 1329 296 1379; x_wconf 82' lang='lat' dir='ltr'>commilitii</span> <span class='ocrx_word' id='word_1_94' title='bbox 313 1329 376 1379; x_wconf 79' lang='lat' dir='ltr'>sacra</span> <span class='ocrx_word' id='word_1_95' title='bbox 393 1329 482 1378; x_wconf 83' lang='lat' dir='ltr'>tuenda</span> <span class='ocrx_word' id='word_1_96' title='bbox 499 1342 579 1395; x_wconf 79' lang='lat' dir='ltr'>putas.</span> 
     </span>
     <span class='ocr_line' id='line_1_16' title="bbox 73 1399 777 1470; baseline 0.003 -18"><span class='ocrx_word' id='word_1_97' title='bbox 73 1399 124 1452; x_wconf 82' lang='lat' dir='ltr'>Pro</span> <span class='ocrx_word' id='word_1_98' title='bbox 139 1401 225 1466; x_wconf 85' lang='lat' dir='ltr'>quibus</span> <span class='ocrx_word' id='word_1_99' title='bbox 240 1415 267 1452; x_wconf 88' lang='lat' dir='ltr'>ut</span> <span class='ocrx_word' id='word_1_100' title='bbox 282 1412 395 1461; x_wconf 82' lang='lat' dir='ltr'>maneat,</span> <span class='ocrx_word' id='word_1_101' title='bbox 414 1403 444 1451; x_wconf 87' lang='lat' dir='ltr'>de</span> <span class='ocrx_word' id='word_1_102' title='bbox 461 1418 511 1470; x_wconf 86' lang='lat' dir='ltr'>quo</span> <span class='ocrx_word' id='word_1_103' title='bbox 526 1403 651 1462; x_wconf 80' lang='lat' dir='ltr'>censeris,</span> <span class='ocrx_word' id='word_1_104' title='bbox 668 1401 777 1462; x_wconf 77' lang='lat' dir='ltr'>amicus,</span> 
     </span>
     <span class='ocr_line' id='line_1_17' title="bbox 113 1473 704 1541; baseline 0.01 -19"><span class='ocrx_word' id='word_1_105' title='bbox 113 1473 267 1540; x_wconf 81' lang='lat' dir='ltr'>Compreeor</span> <span class='ocrx_word' id='word_1_106' title='bbox 283 1475 313 1524; x_wconf 84' lang='lat' dir='ltr'>ad</span> <span class='ocrx_word' id='word_1_107' title='bbox 329 1474 386 1524; x_wconf 82' lang='lat' dir='ltr'>vitae</span> <span class='ocrx_word' id='word_1_108' title='bbox 401 1485 513 1541; x_wconf 82' lang='lat' dir='ltr'>tempora</span> <span class='ocrx_word' id='word_1_109' title='bbox 529 1475 617 1526; x_wconf 81' lang='lat' dir='ltr'>summa</span> <span class='ocrx_word' id='word_1_110' title='bbox 633 1488 704 1528; x_wconf 68' lang='lat' dir='ltr'>tuat</span> 
     </span>
     <span class='ocr_line' id='line_1_18' title="bbox 72 1545 829 1614; baseline 0.005 -18"><span class='ocrx_word' id='word_1_111' title='bbox 72 1545 245 1614; x_wconf 79' lang='lat' dir='ltr'>Succedatque</span> <span class='ocrx_word' id='word_1_112' title='bbox 261 1549 308 1598; x_wconf 79' lang='lat' dir='ltr'>tuis</span> <span class='ocrx_word' id='word_1_113' title='bbox 325 1547 390 1598; x_wconf 84' lang='lat' dir='ltr'>orbis</span> <span class='ocrx_word' id='word_1_114' title='bbox 405 1549 544 1598; x_wconf 78' lang='lat' dir='ltr'>moderator</span> <span class='ocrx_word' id='word_1_115' title='bbox 559 1549 677 1600; x_wconf 76' lang='lat' dir='ltr'>habenisz</span> <span class='ocrx_word' id='word_1_116' title='bbox 796 1563 829 1612; x_wconf 89' lang='lat'>75</span> 
     </span>
     <span class='ocr_line' id='line_1_19' title="bbox 113 1619 704 1688; baseline 0.008 -20"><span class='ocrx_word' id='word_1_117' title='bbox 113 1619 189 1684; x_wconf 84' lang='lat' dir='ltr'>Quod</span> <span class='ocrx_word' id='word_1_118' title='bbox 205 1637 299 1672; x_wconf 85' lang='lat' dir='ltr'>mecum</span> <span class='ocrx_word' id='word_1_119' title='bbox 313 1620 398 1686; x_wconf 88' lang='lat' dir='ltr'>populi</span> <span class='ocrx_word' id='word_1_120' title='bbox 411 1633 468 1672; x_wconf 80' lang='lat' dir='ltr'>vora</span> <span class='ocrx_word' id='word_1_121' title='bbox 485 1636 615 1688; x_wconf 80' lang='lat' dir='ltr'>precantur</span> <span class='ocrx_word' id='word_1_122' title='bbox 629 1622 704 1673; x_wconf 86' lang='lat' dir='ltr'>idem.</span> 
     </span>
    </p>
   </div>
   <div class='ocr_carea' id='block_1_3' title="bbox 136 1728 782 2038">
    <p class='ocr_par' dir='ltr' id='par_1_3' title="bbox 136 1728 782 2038">
     <span class='ocr_line' id='line_1_20' title="bbox 136 1728 782 1802; baseline 0 -12"><span class='ocrx_word' id='word_1_123' title='bbox 136 1728 782 1802; x_wconf 44' lang='grc' dir='ltr'>ε--η--εῇἶὲε--υ</span> 
     </span>
     <span class='ocr_line' id='line_1_21' title="bbox 228 1849 694 1917; baseline -0.009 0"><span class='ocrx_word' id='word_1_124' title='bbox 228 1849 572 1917; x_wconf 79' lang='lat' dir='ltr'>EPISTOLA</span> <span class='ocrx_word' id='word_1_125' title='bbox 618 1851 694 1914; x_wconf 78' lang='lat' dir='ltr'>VI.</span> 
     </span>
     <span class='ocr_line' id='line_1_22' title="bbox 298 1973 627 2038; baseline 0 -3"><span class='ocrx_word' id='word_1_126' title='bbox 298 1973 627 2038; x_wconf 84' lang='lat' dir='ltr'><strong><em>GRAECINO.</em></strong></span> 
     </span>
    </p>
   </div>
   <div class='ocr_carea' id='block_1_4' title="bbox 21 2068 825 3007">
    <p class='ocr_par' dir='ltr' id='par_1_4' title="bbox 76 2068 819 2272">
     <span class='ocr_line' id='line_1_23' title="bbox 76 2068 819 2199; baseline -0.001 -15"><span class='ocrx_word' id='word_1_127' title='bbox 76 2068 262 2191; x_wconf 63' lang='lat' dir='ltr'>Cenum</span> <span class='ocrx_word' id='word_1_128' title='bbox 280 2131 438 2192; x_wconf 78' lang='lat' dir='ltr'>Graecinum,</span> <span class='ocrx_word' id='word_1_129' title='bbox 455 2134 497 2199; x_wconf 89' lang='lat' dir='ltr'>qui</span> <span class='ocrx_word' id='word_1_130' title='bbox 511 2132 615 2199; x_wconf 78' lang='lat' dir='ltr'>praesens</span> <span class='ocrx_word' id='word_1_131' title='bbox 629 2149 692 2183; x_wconf 83' lang='lat' dir='ltr'>voce</span> <span class='ocrx_word' id='word_1_132' title='bbox 708 2133 819 2194; x_wconf 63' lang='lat' dir='ltr'>soleba,</span> 
     </span>
     <span class='ocr_line' id='line_1_24' title="bbox 110 2206 629 2272; baseline 0.004 -17"><span class='ocrx_word' id='word_1_133' title='bbox 110 2208 193 2257; x_wconf 80' lang='lat' dir='ltr'>Tristis</span> <span class='ocrx_word' id='word_1_134' title='bbox 210 2208 240 2255; x_wconf 77' lang='lat' dir='ltr'>ab</span> <span class='ocrx_word' id='word_1_135' title='bbox 255 2206 354 2255; x_wconf 73' lang='lat' dir='ltr'>Euxinis</span> <span class='ocrx_word' id='word_1_136' title='bbox 370 2206 434 2255; x_wconf 84' lang='lat' dir='ltr'>Naso</span> <span class='ocrx_word' id='word_1_137' title='bbox 450 2206 537 2256; x_wconf 76' lang='lat' dir='ltr'>salutat</span> <span class='ocrx_word' id='word_1_138' title='bbox 552 2207 629 2272; x_wconf 81' lang='lat' dir='ltr'>aquis.</span> 
     </span>
    </p>

    <p class='ocr_par' dir='ltr' id='par_1_5' title="bbox 74 2277 773 2411">
     <span class='ocr_line' id='line_1_25' title="bbox 74 2277 773 2347; baseline 0.003 -18"><span class='ocrx_word' id='word_1_139' title='bbox 74 2279 167 2329; x_wconf 82' lang='lat' dir='ltr'>Exsulis</span> <span class='ocrx_word' id='word_1_140' title='bbox 183 2279 237 2327; x_wconf 80' lang='lat' dir='ltr'>haec</span> <span class='ocrx_word' id='word_1_141' title='bbox 253 2295 302 2328; x_wconf 82' lang='lat' dir='ltr'>vox</span> <span class='ocrx_word' id='word_1_142' title='bbox 318 2278 370 2328; x_wconf 83' lang='lat' dir='ltr'>est:</span> <span class='ocrx_word' id='word_1_143' title='bbox 384 2278 477 2343; x_wconf 69' lang='lat' dir='ltr'>prestat</span> <span class='ocrx_word' id='word_1_144' title='bbox 489 2278 547 2328; x_wconf 84' lang='lat' dir='ltr'>mihi</span> <span class='ocrx_word' id='word_1_145' title='bbox 562 2277 631 2329; x_wconf 80' lang='lat' dir='ltr'>litera</span> <span class='ocrx_word' id='word_1_146' title='bbox 648 2278 773 2347; x_wconf 65' lang='lat' dir='ltr'>linguonis</span> 
     </span>
     <span class='ocr_line' id='line_1_26' title="bbox 111 2352 657 2411; baseline -0.004 -8"><span class='ocrx_word' id='word_1_147' title='bbox 111 2354 163 2410; x_wconf 88' lang='lat' dir='ltr'>Et,</span> <span class='ocrx_word' id='word_1_148' title='bbox 179 2353 199 2401; x_wconf 84' lang='lat' dir='ltr'>ri</span> <span class='ocrx_word' id='word_1_149' title='bbox 215 2366 265 2401; x_wconf 92' lang='lat' dir='ltr'>non</span> <span class='ocrx_word' id='word_1_150' title='bbox 279 2352 352 2401; x_wconf 81' lang='lat' dir='ltr'>liceat</span> <span class='ocrx_word' id='word_1_151' title='bbox 366 2352 470 2403; x_wconf 87' lang='lat' dir='ltr'>scribere</span> <span class='ocrx_word' id='word_1_152' title='bbox 484 2386 492 2411; x_wconf 91' lang='lat'>,</span> <span class='ocrx_word' id='word_1_153' title='bbox 509 2364 590 2401; x_wconf 75' lang='lat' dir='ltr'>inritus</span> <span class='ocrx_word' id='word_1_154' title='bbox 604 2368 657 2401; x_wconf 89' lang='lat' dir='ltr'>ero.</span> 
     </span>
    </p>

    <p class='ocr_par' dir='ltr' id='par_1_6' title="bbox 74 2424 807 2549">
     <span class='ocr_line' id='line_1_27' title="bbox 74 2424 807 2490; baseline 0 -15"><span class='ocrx_word' id='word_1_155' title='bbox 74 2424 202 2490; x_wconf 81' lang='lat' dir='ltr'>Corripis,</span> <span class='ocrx_word' id='word_1_156' title='bbox 221 2438 249 2473; x_wconf 87' lang='lat' dir='ltr'>ut</span> <span class='ocrx_word' id='word_1_157' title='bbox 263 2425 355 2483; x_wconf 84' lang='lat' dir='ltr'>debes,</span> <span class='ocrx_word' id='word_1_158' title='bbox 374 2424 437 2474; x_wconf 77' lang='lat' dir='ltr'>stulti</span> <span class='ocrx_word' id='word_1_159' title='bbox 449 2436 550 2490; x_wconf 76' lang='lat' dir='ltr'>peccato</span> <span class='ocrx_word' id='word_1_160' title='bbox 566 2424 673 2475; x_wconf 79' lang='lat' dir='ltr'>sodalis:</span> <span class='ocrx_word' id='word_1_161' title='bbox 750 2431 755 2439; x_wconf 84' lang='grc'><strong>’</strong></span> <span class='ocrx_word' id='word_1_162' title='bbox 794 2439 807 2488; x_wconf 81' lang='lat'><em>5</em></span> 
     </span>
     <span class='ocr_line' id='line_1_28' title="bbox 110 2496 665 2549; baseline 0.002 -1"><span class='ocrx_word' id='word_1_163' title='bbox 110 2499 142 2548; x_wconf 83' lang='lat' dir='ltr'>Er</span> <span class='ocrx_word' id='word_1_164' title='bbox 157 2500 218 2547; x_wconf 85' lang='lat' dir='ltr'>mala</span> <span class='ocrx_word' id='word_1_165' title='bbox 233 2514 271 2547; x_wconf 86' lang='lat' dir='ltr'>me</span> <span class='ocrx_word' id='word_1_166' title='bbox 286 2496 377 2548; x_wconf 82' lang='lat' dir='ltr'>meritis</span> <span class='ocrx_word' id='word_1_167' title='bbox 392 2498 456 2548; x_wconf 81' lang='lat' dir='ltr'>ferre</span> <span class='ocrx_word' id='word_1_168' title='bbox 471 2498 563 2547; x_wconf 86' lang='lat' dir='ltr'>minora</span> <span class='ocrx_word' id='word_1_169' title='bbox 579 2498 665 2549; x_wconf 76' lang='lat' dir='ltr'>doces.</span> 
     </span>
    </p>

    <p class='ocr_par' dir='ltr' id='par_1_7' title="bbox 72 2569 691 2709">
     <span class='ocr_line' id='line_1_29' title="bbox 72 2569 691 2638; baseline 0.002 -17"><span class='ocrx_word' id='word_1_170' title='bbox 72 2572 140 2621; x_wconf 77' lang='lat' dir='ltr'>Vera</span> <span class='ocrx_word' id='word_1_171' title='bbox 157 2570 234 2629; x_wconf 75' lang='lat' dir='ltr'>facis,</span> <span class='ocrx_word' id='word_1_172' title='bbox 256 2570 296 2621; x_wconf 85' lang='lat' dir='ltr'>sed</span> <span class='ocrx_word' id='word_1_173' title='bbox 312 2570 382 2628; x_wconf 82' lang='lat' dir='ltr'>sera,</span> <span class='ocrx_word' id='word_1_174' title='bbox 400 2588 460 2624; x_wconf 76' lang='lat' dir='ltr'>rneae</span> <span class='ocrx_word' id='word_1_175' title='bbox 476 2569 586 2623; x_wconf 77' lang='lat' dir='ltr'>convicia</span> <span class='ocrx_word' id='word_1_176' title='bbox 603 2572 691 2638; x_wconf 71' lang='lat' dir='ltr'>culpe.</span> 
     </span>
     <span class='ocr_line' id='line_1_30' title="bbox 109 2642 596 2709; baseline -0.002 -16"><span class='ocrx_word' id='word_1_177' title='bbox 109 2644 200 2709; x_wconf 80' lang='lat' dir='ltr'>Aspera</span> <span class='ocrx_word' id='word_1_178' title='bbox 218 2642 325 2694; x_wconf 80' lang='lat' dir='ltr'>conseffo</span> <span class='ocrx_word' id='word_1_179' title='bbox 340 2645 414 2693; x_wconf 83' lang='lat' dir='ltr'>verba</span> <span class='ocrx_word' id='word_1_180' title='bbox 429 2644 596 2694; x_wconf 79' lang='lat' dir='ltr'>remitte-reo.</span> 
     </span>
    </p>

    <p class='ocr_par' dir='ltr' id='par_1_8' title="bbox 71 2716 825 2847">
     <span class='ocr_line' id='line_1_31' title="bbox 71 2716 684 2781; baseline 0.002 -16"><span class='ocrx_word' id='word_1_181' title='bbox 71 2716 134 2765; x_wconf 71' lang='lat' dir='ltr'>cnm</span> <span class='ocrx_word' id='word_1_182' title='bbox 149 2729 259 2781; x_wconf 78' lang='lat' dir='ltr'>poteram</span> <span class='ocrx_word' id='word_1_183' title='bbox 274 2716 341 2767; x_wconf 61' lang='lat' dir='ltr'>redo</span> <span class='ocrx_word' id='word_1_184' title='bbox 356 2716 457 2767; x_wconf 78' lang='lat' dir='ltr'>transire</span> <span class='ocrx_word' id='word_1_185' title='bbox 471 2716 590 2767; x_wconf 75' lang='lat' dir='ltr'>Ceraunia</span> <span class='ocrx_word' id='word_1_186' title='bbox 605 2717 684 2775; x_wconf 82' lang='lat' dir='ltr'>velo,</span> 
     </span>
     <span class='ocr_line' id='line_1_32' title="bbox 109 2789 825 2847; baseline 0 -10"><span class='ocrx_word' id='word_1_187' title='bbox 109 2789 145 2838; x_wconf 87' lang='lat' dir='ltr'>Ut</span> <span class='ocrx_word' id='word_1_188' title='bbox 160 2790 211 2839; x_wconf 85' lang='lat' dir='ltr'>fera</span> <span class='ocrx_word' id='word_1_189' title='bbox 228 2790 329 2839; x_wconf 82' lang='lat' dir='ltr'>vitarem</span> <span class='ocrx_word' id='word_1_190' title='bbox 344 2790 416 2847; x_wconf 81' lang='lat' dir='ltr'>saxa,</span> <span class='ocrx_word' id='word_1_191' title='bbox 434 2790 568 2839; x_wconf 85' lang='lat' dir='ltr'>monendus</span> <span class='ocrx_word' id='word_1_192' title='bbox 587 2806 661 2839; x_wconf 79' lang='lat' dir='ltr'>eram.</span> <span class='ocrx_word' id='word_1_193' title='bbox 793 2801 825 2837; x_wconf 77' lang='grc' dir='ltr'>ιο</span> 
     </span>
    </p>

    <p class='ocr_par' dir='ltr' id='par_1_9' title="bbox 69 2859 799 2930">
     <span class='ocr_line' id='line_1_33' title="bbox 69 2859 799 2930; baseline 0.004 -20"><span class='ocrx_word' id='word_1_194' title='bbox 69 2862 144 2918; x_wconf 83' lang='lat' dir='ltr'>Nunc</span> <span class='ocrx_word' id='word_1_195' title='bbox 159 2863 234 2920; x_wconf 86' lang='lat' dir='ltr'>mihi,</span> <span class='ocrx_word' id='word_1_196' title='bbox 251 2863 396 2930; x_wconf 77' lang='lat' dir='ltr'>naufragio,</span> <span class='ocrx_word' id='word_1_197' title='bbox 411 2863 466 2928; x_wconf 85' lang='lat' dir='ltr'>quid</span> <span class='ocrx_word' id='word_1_198' title='bbox 482 2862 577 2928; x_wconf 82' lang='lat' dir='ltr'>prodest</span> <span class='ocrx_word' id='word_1_199' title='bbox 591 2862 703 2919; x_wconf 86' lang='lat' dir='ltr'>discere,</span> <span class='ocrx_word' id='word_1_200' title='bbox 718 2859 799 2920; x_wconf 64' lang='lat' dir='ltr'>fado,</span> 
     </span>
    </p>

    <p class='ocr_par' dir='ltr' id='par_1_10' title="bbox 21 2931 696 3007">
     <span class='ocr_line' id='line_1_34' title="bbox 21 2931 696 3007; baseline -0.003 -16"><span class='ocrx_word' id='word_1_201' title='bbox 21 2951 24 2957; x_wconf 91' lang='grc'>·</span> <span class='ocrx_word' id='word_1_202' title='bbox 107 2934 186 3004; x_wconf 73' lang='lat' dir='ltr'><strong>Quam</strong></span> <span class='ocrx_word' id='word_1_203' title='bbox 200 2952 254 2991; x_wconf 75' lang='lat' dir='ltr'>mea</span> <span class='ocrx_word' id='word_1_204' title='bbox 270 2934 381 2991; x_wconf 85' lang='lat' dir='ltr'>debuerit</span> <span class='ocrx_word' id='word_1_205' title='bbox 397 2952 497 2991; x_wconf 84' lang='lat' dir='ltr'>currere</span> <span class='ocrx_word' id='word_1_206' title='bbox 513 2937 598 3007; x_wconf 70' lang='lat' dir='ltr'>cymba</span> <span class='ocrx_word' id='word_1_207' title='bbox 611 2931 696 2987; x_wconf 69' lang='lat' dir='ltr'>riam?</span> 
     </span>
    </p>
   </div>
   <div class='ocr_carea' id='block_1_5' title="bbox 0 0 996 3700">
    <p class='ocr_par' dir='ltr' id='par_1_11' title="bbox 0 0 996 3700">
     <span class='ocr_line' id='line_1_35' title="bbox 0 0 996 3700; baseline 0 0"><span class='ocrx_word' id='word_1_208' title='bbox 0 0 996 3700; x_wconf 95' lang='lat' dir='ltr'> </span> 
     </span>
    </p>
   </div>
  </div>
 </body>
</html>
