1975 3700
230 247 304 319 288
344 246 385 314 P.
411 245 607 316 Orrnrr
633 248 871 317 Nasours

182 383 189 392 ’
228 370 283 417 Nec
298 364 363 433 priris
380 365 515 424 abscessit,
533 354 621 414 meriti
639 368 711 430 qudnr
727 365 796 414 caede
812 365 953 416 nocentum

186 459 221 495 20
268 441 300 489 Se
318 439 387 490 nimis
404 438 542 496 ulciscens,
559 437 650 486 exstitit
664 437 714 503 ipse
731 454 835 487 nocens.

230 515 265 566 At
278 511 340 569 ribi,
359 511 413 561 Rex
429 528 502 570 κιο,
518 510 610 570 detur,
628 509 760 581 fortissime
778 509 885 570 nostro,

266 585 367 650 Semper
382 583 504 634 honorari
517 583 613 650 sceptra
627 596 712 633 tenere
727 600 810 633 manu.

204 662 292 726 Teque
302 689 310 716 ,
319 656 384 724 quod
394 656 419 706 δι
428 655 539 724 praestat,
551 655 608 722 quid
617 657 680 706 enirn
689 654 733 705 tibi
743 655 839 722 plenius
851 651 953 723 optem?

266 729 357 780 Mareia
373 745 425 780 cum
443 747 530 797 magno
547 727 642 778 Caesare
656 729 735 781 Roma
749 729 850 796 probet.

187 823 203 858 2
208 822 219 869 5
233 803 281 854 Sed
293 819 384 852 mernor
394 801 458 852 unde
469 803 535 861 abii,
552 817 661 867 queror,
674 818 690 851 o
700 801 807 867 jucunde
818 801 912 852 sodalis
923 799 936 850 d

268 874 395 924 Accedant
411 875 495 926 nostris
510 875 572 926 seva
587 875 652 941 quod
668 892 733 924 arma
748 875 826 924 malis.

231 949 268 1000 Ut
283 964 355 998 careo
373 948 441 998 uobis
455 947 552 1016 Stygias
569 946 678 996 detrusus
692 948 716 997 in
734 964 811 1007 oras,

268 1016 393 1082 Quattuor
408 1033 536 1070 autumnos
553 1017 634 1070 Pleias
650 1032 704 1070 orta
719 1019 789 1070 facit.

231 1097 286 1146 Nec
301 1107 328 1146 tu
346 1093 477 1143 credideris
494 1094 592 1142 urbanae
608 1091 734 1145 commoda
750 1094 809 1144 vitae

189 1184 223 1236 30
271 1163 390 1232 Quaerere
405 1165 457 1216 Ναί
445 1165 547 1216 szonem
558 1165 644 1230 quaerit
661 1165 686 1216 δι
703 1164 743 1216 illa
761 1179 855 1217 tamen.

232 1242 294 1292 Nam
309 1233 382 1288 modi>
397 1254 442 1288 vos
457 1239 536 1288 animo
552 1239 635 1288 dulces
651 1235 810 1297 reminiscor,
828 1235 929 1297 amic15

270 1313 343 1361 Nunc
359 1311 416 1360 rnihi
432 1327 487 1360 curn
504 1327 560 1360 rara
577 1310 683 1378 conjuge
699 1324 755 1360 neta
769 1313 856 1362 subit:

234 1387 302 1452 Eque
319 1383 392 1433 domo
405 1383 484 1436 rursus
498 1385 605 1450 pulchrae
620 1384 676 1432 loca
689 1397 773 1434 vertor
791 1385 821 1432 ad
831 1383 932 1442 Urbis,

269 1455 410 1524 Cundiaque
427 1472 494 1506 mens
510 1457 588 1506 oculis
603 1457 715 1522 pervidet
731 1459 771 1506 ilia
782 1457 845 1506 fuis.

189 1548 221 1601 35
235 1529 385 1585 Nuntium,
396 1530 547 1588 nu'ncaedes,
560 1545 625 1581 nunc
636 1546 754 1580 marmore
765 1530 829 1581 resta
839 1530 949 1587 theatra,

269 1603 341 1652 Nunc
357 1602 418 1652 subit
432 1602 526 1668 aequari
542 1603 650 1668 porticus
668 1603 744 1652 omnis
760 1604 846 1652 humo.
896 1637 902 1650 .

235 1674 349 1728 Gramina
359 1691 423 1724 nunc
435 1675 538 1740 Campi,
551 1673 666 1742 pulchros
676 1675 819 1742 ἰρεέὶιιιιὶε
809 1693 839 1731 ιιι
849 1675 949 1731 hortus,

266 1749 406 1818 §regnaque
421 1747 447 1798 δι
461 1747 563 1812 Euripi,
581 1749 762 1816 Virgineusque
778 1750 895 1818 liquor.

232 1821 285 1881 At,
299 1833 379 1887 putu,
396 1819 431 1871 sic
447 1820 521 1871 Urbis
537 1820 623 1871 misero
638 1819 672 1871 est
686 1833 770 1888 erepta
783 1803 923 1888 voluptas,

188 1914 223 1961 40
272 1895 397 1959 Quolibet
405 1906 432 1943 ut
448 1892 531 1945 saltem
546 1911 603 1945 rure
617 1894 665 1943 frui
680 1895 762 1945 liceat.
802 1889 806 1896 ’

233 1970 291 2019 Non
306 1983 374 2017 meus
391 1965 484 2017 amissos
501 1967 593 2018 animus
609 1960 740 2017 desideras
749 1984 845 2037 agros,

269 2040 382 2105 Ruraque
400 2038 502 2107 Peliguo
520 2040 688 2105 conspicienda
703 2041 795 2091 solu:

232 2114 286 2163 Nec
304 2127 364 2178 quos
378 2110 486 2177 piniferis
501 2113 595 2178 positos
609 2112 634 2162 in
651 2114 700 2162 coll
691 2114 753 2165 libus
767 2115 857 2165 hortos

269 2174 367 2253 spectat
380 2183 500 2235 Flaminiae
518 2185 606 2235 clodia
619 2180 739 2253 'prinda
716 2204 773 2237 vrae.

188 2276 221 2323 45
237 2258 309 2332 Quos
321 2274 368 2325 ego
382 2257 428 2310 nes
426 2259 463 2307 cio
479 2259 519 2308 cui
535 2258 619 2316 colui,
637 2252 722 2324 quibus
731 2252 802 2331 ipse
802 2258 913 2333 solebant

270 2316 309 2380 A‘d
321 2332 369 2380 sara
383 2330 513 2390 fontanas,
529 2348 574 2381 nec
587 2331 682 2397 pudet,
698 2312 787 2382 addere
803 2349 893 2399 aquas.

232 2404 293 2454 Sunt
304 2404 352 2461 ibi,
365 2402 385 2452 si
395 2404 500 2461 vivunt,
511 2402 589 2453 nostra
599 2421 696 2473 quoque
707 2406 800 2455 consita
812 2404 948 2473 quondum,

269 2476 318 2526 Sed
335 2492 385 2525 non
402 2474 428 2525 &
445 2476 524 2527 nostra
538 2494 610 2549 porna
626 2478 730 2546 legenda
743 2496 825 2527 nunu.

232 2546 281 2599 Pro
297 2548 382 2614 quihus
398 2548 511 2609 amissis,
530 2550 623 2601 utinam
636 2550 780 2619 contingere
794 2549 876 2616 possit

191 2639 224 2689 50
272 2619 321 2670 Hic
337 2619 420 2670 sutem
435 2622 540 2691 profugo
557 2624 627 2691 gleba
642 2625 746 2675 colenda
760 2623 843 2673 mihi!

233 2694 296 2763 Ipse
302 2709 349 2761 ego
364 2694 521 2759 pendentes,
540 2697 612 2746 liceat
627 2695 719 2755 modd,
738 2714 799 2763 rupe
817 2697 942 2780 capellas.

271 2766 323 2835 lpse
337 2766 410 2817 velim
424 2768 512 2817 baculo
525 2770 623 2834 pascere
639 2769 710 2819 nixus
727 2786 797 2820 oves.

233 2842 287 2923 ipse
305 2857 369 2909 ego,
387 2856 418 2889 ne
432 2840 508 2891 solitis
524 2841 629 2892 insistant
642 2842 742 2907 periura
757 2840 842 2903 curis.
879 2880 884 2886 -

269 2914 364 2966 Duram
377 2913 494 2969 ruricolas
512 2913 577 2970 sub
569 2931 627 2987 puga
642 2915 721 2983 panda
734 2916 825 2989 peresi·
884 2980 888 2987 ¹
