1975 3700
187 249 239 321 44
282 229 323 296 P.
352 228 549 299 Orruit
574 226 804 297 Nasonis
870 234 874 241 ’

127 363 159 411 27
166 363 175 408 5
191 346 325 412 Cindaque
336 346 423 411 pinetis
434 348 539 396 nemoris
552 346 609 413 juga
620 347 753 396 Nonacrini
764 382 771 408 ,

224 420 328 484 Altaque
344 419 466 485 Cyllene,
485 419 664 485 Parrhasiaeque
679 421 757 469 nives.

188 489 237 542 Pan
248 506 301 545 erat
314 491 416 540 armenti
427 491 506 542 custos
517 526 525 550 ,
542 492 592 542 Pan
602 510 691 542 numen
701 509 815 558 equarum
827 508 837 542 t

223 565 315 614 Munus
327 566 358 614 ob
370 565 505 614 incolumes
517 567 558 614 ille
570 567 664 615 ferebat
674 582 745 615 oves,
771 589 780 596 ·

187 637 317 687 Transtulit
328 637 439 686 Evander
450 639 674 693 silvestrianumina
689 639 769 687 secum
780 671 788 695 ‚

96 769 98 773 ι
147 711 179 760 80
226 711 275 759 Hic
285 711 326 759 ubi
337 727 400 760 nunc
411 711 475 760 Urbs
487 710 521 760 est
531 744 540 768 ‚
555 723 607 760 tum
618 712 687 760 locus
700 711 772 760 Urbis
782 722 846 760 erat.

188 784 247 832 Inde
260 783 341 832 Deum
353 785 470 842 colimus,
485 783 634 849 deveilaque
646 785 709 832 lacre
720 782 838 850 Pelasgis.

224 857 322 909 Flamen
332 857 363 906 ad
375 857 427 906 lraec
437 891 445 915 ‚
464 857 542 922 prisco
553 873 621 906 more
632 889 640 914 ‚
658 857 740 905 Dialis·
749 869 811 912 erat.

189 929 238 978 Cur
249 929 323 996 igitur
338 941 454 988 currant,
470 930 496 980 δι
508 947 551 978 cur
562 926 573 993 (
584 930 619 979 sic
630 945 727 978 currere
743 927 840 978 mosell
851 930 866 996 )

223 1003 295 1052 Nuda
310 1003 389 1054 lerant
399 1003 478 1068 positi
488 1019 592 1068 corpora
601 1001 684 1059 veste,
703 1019 775 1068 rogas
787 1000 800 1051 ἓ

128 1074 158 1125 28
164 1091 176 1138 5
190 1076 243 1141 Ipse
254 1076 323 1129 Deus
334 1079 408 1127 velox
419 1077 551 1128 discurrere
563 1076 653 1143 gaudet
662 1075 688 1124 in
699 1075 756 1126 altis

222 1149 349 1199 Montibus
364 1183 372 1205 ,
389 1149 415 1200 δι
426 1149 513 1199 subitas
524 1149 686 1199 concitatius
696 1148 772 1201 feras.

187 1221 239 1287 lple
252 1222 323 1272 Deus
334 1223 411 1272 nudus
428 1222 506 1272 nudos
520 1221 591 1286 jubet
602 1223 637 1272 ire
651 1222 769 1271 ministros
781 1238 791 1279 ;

224 1296 279 1343 Nec
289 1295 345 1344 satis
356 1294 387 1346 ad
396 1295 489 1346 cursum
501 1295 627 1345 commoda
637 1294 712 1344 vestis·
721 1307 785 1344 erats

188 1367 253 1417 Ante
265 1367 353 1422 Jovern
368 1359 494 1435 genitum,
513 1381 591 1418 terras
602 1366 707 1418 habuiffe
717 1367 830 1419 feruntur

127 1454 178 1504 290
228 1441 335 1490 Arcades
348 1431 359 1490 :¹
369 1442 395 1491 dt
406 1441 474 1490 Lunlr
486 1457 546 1508 gens
560 1442 627 1507 prior
639 1441 680 1490 illa
691 1441 744 1490 fuit.

181 1514 248 1568 .Vita
258 1512 430 1576 feraersimilis.
450 1516 531 1565 nullos
539 1516 628 1581 agitata
642 1531 686 1578 per
700 1513 775 1562 ulus:

226 1585 293 1636 Artis
304 1587 381 1636 adhuc
392 1604 478 1652 expers
489 1619 499 1644 ‚
516 1588 613 1637 &rude
623 1588 710 1652 vulgus
722 1598 799 1635 erant.

189 1658 236 1715 Pro
245 1659 356 1710 domibus
367 1660 466 1710 frondes
476 1672 582 1718 norant,
599 1676 644 1725 pro
654 1659 763 1726 frugibus
773 1658 862 1708 herbas
873 1675 887 1716 3

226 1732 315 1785 Nediar
330 1745 382 1784 eret
392 1734 475 1798 palmis
486 1732 566 1782 hausta
579 1733 671 1784 duabus
684 1749 754 1797 aqua.

128 1819 177 1869 295
191 1806 279 1857 Nullus
292 1807 418 1857 anhelabat
430 1807 470 1857 sub
481 1806 576 1855 adunco
587 1821 687 1856 vomere
700 1818 783 1855 taurus
794 1819 803 1862 3

227 1880 300 1929 Nulla
312 1879 353 1928 sub
368 1879 468 1945 irnperio
479 1891 545 1929 terra
555 1880 658 1929 colentis
669 1890 731 1927 erat.

134 2013 139 2025 ι
189 1954 213 2003 N
216 1953 277 2003 ullus
292 1950 369 2003 adhuc
381 1964 433 2001 erat
441 1952 497 2001 usus
508 1952 564 2017 equi
575 1967 582 2001 t
595 1951 620 2001 se
631 1951 732 2017 quisque
746 1951 860 2000 lerebstt

225 2026 279 2074 lbat
293 2025 345 2074 ovis
360 2023 414 2075 lanii
429 2040 518 2091 corpus
531 2025 615 2075 amidio
629 2024 678 2074 sui.
723 2080 730 2086 ,

189 2097 238 2147 Sub
250 2096 314 2149 Jove
325 2097 441 2147 durabant
453 2130 463 2155 ,
484 2098 511 2147 &
522 2114 626 2162 corpora
635 2097 699 2147 nuda
709 2097 847 2163 gerebant,

127 2184 179 2235 300
227 2170 307 2220 Dotis
317 2170 505 2237 graves‘imbres
517 2171 544 2221 dt
555 2170 662 2221 tolerare
673 2170 766 2218 Notos.
812 2219 814 2223 ,

188 2245 259 2293 Nunc
272 2259 367 2309 quoque
379 2243 485 2303 demeti,
506 2242 617 2293 referunt
631 2253 787 2292 monumenta
796 2239 890 2291 vetusti

226 2316 323 2375 Motis,
342 2317 368 2366 dt
383 2316 495 2381 antiquas
508 2314 664 2366 testificantur
678 2330 748 2378 opes.

190 2388 238 2439 Sed
251 2422 258 2446 ‚
277 2404 320 2439 eur
329 2388 449 2455 precipue
461 2388 537 2454 fugiat
549 2388 667 2437 velamina
679 2388 792 2444 faunus.

228 2462 343 2511 Traditur
356 2461 448 2525 antiqui
459 2460 539 2511 fabula
552 2462 624 2525 plena
640 2459 701 2523 joci.

129 2548 179 2600 305
193 2537 267 2586 Forte
279 2538 360 2599 come's
377 2533 479 2583 dominae
493 2531 589 2597 juvenis
599 2532 742 2598 Tirynthius
756 2529 828 2589 ibatr

227 2607 296 2659 Vidit
310 2607 338 2657 ab
353 2606 451 2655 excelso
462 2605 557 2655 Faunus
573 2619 700 2672 utrumque
713 2602 783 2670 jugo.

190 2681 278 2736 Vidit,
298 2680 323 2732 dt
334 2680 433 2729 incaluit
443 2696 452 2737 3
470 2678 638 2744 Montemque
648 2677 764 2734 numina,
780 2676 838 2726 dixit
849 2710 859 2736 ,

229 2754 271 2804 Nil
285 2754 342 2801 mihi
357 2752 480 2803 vobiscum
493 2751 544 2802 est:
557 2752 608 2801 haec
623 2767 690 2800 meus
705 2749 778 2801 ardor
791 2749 849 2799 erit.

193 2828 262 2885 lbet,
282 2826 389 2875 odoratis
403 2826 516 2874 humeros
532 2822 625 2889 perlusa
640 2822 750 2889 capillis,

132 2913 184 2965 3¹0
231 2898 355 2957 Maeonis‚
374 2910 459 2951 aurato
474 2895 642 2965 conspiciende
654 2896 720 2949 sinu.
