1975 3700
179 245 257 324 344
295 229 337 298 P.
363 229 559 300 Oranti
586 231 818 298 Nasonis

177 352 227 405 Vix
243 351 357 418 equidem
368 351 462 408 credo,
481 349 522 400 fed
539 349 565 400 dt
579 348 691 402 insultare
706 346 815 414 jacenti,

214 423 254 474 Te
269 424 343 482 mihi,
360 441 407 474 nec
421 423 500 474 verbis
515 439 634 488 parcere,
649 423 724 472 Fama
739 423 825 472 refert.

177 495 245 562 Quid
255 495 337 546 faciti
353 498 384 546 ab
399 497 497 547 demens
515 495 521 544 l
536 513 597 554 cur,
613 496 635 546 si
645 495 753 544 Fortuna
766 495 890 552 recedat,

67 565 72 574 “
134 580 168 634 30
215 569 349 637 Naufragio
365 572 481 637 lacrymas
499 568 571 634 eripis
587 568 636 635 ipse
653 565 718 618 tuo?
748 633 752 640 Ι

179 642 241 693 llaec
252 642 308 691 Dea
323 660 372 692 non
383 641 458 692 stabili
469 677 477 700 ,
491 646 560 708 quam
571 641 602 691 sit
613 641 693 699 levis,
708 642 767 691 orbe
780 639 890 698 fatetur,

215 713 297 779 Quem
314 714 427 766 summum
444 715 517 765 dubio
532 715 578 784 sub¹
590 715 653 781 pede
671 713 763 779 semper
780 714 867 766 habet.

178 787 299 853 Quolibet
315 788 441 847 estfolio,
459 789 506 854 qud
520 788 557 836 vis
572 787 688 837 incertior
700 787 758 838 auri
774 803 782 837 ι

214 860 260 911 Par
275 855 310 910 illi
325 861 433 920 levitas,
449 861 577 926 improbe,
594 860 644 910 fola
658 872 698 909 tua
713 859 755 908 est.

135 943 168 999 35
184 929 274 983 Omnia
287 933 341 984 funt
356 935 479 984 hominum
491 935 561 984 tenui
579 933 709 1000 pendentia
724 931 788 984 filo:

217 1004 249 1056 Et
265 1004 343 1057 subitd
360 1007 434 1067 casu,
448 1025 503 1075 quae
519 1009 638 1064 valuere,
654 1017 734 1056 ruunt.

177 1077 271 1130 Divitis
285 1079 366 1130 audita
381 1079 415 1129 efl
428 1081 469 1130 tui
484 1096 534 1129 uon
549 1079 672 1145 opulentia
688 1075 793 1128 Croesi?

215 1152 313 1218 Nempe
328 1164 410 1202 tamen
424 1154 498 1203 vitam
514 1165 597 1218 captus
613 1154 642 1202 ab
658 1151 725 1202 holle
741 1152 809 1204 tulit·

177 1223 225 1276 Ille
239 1225 368 1292 Syracosii
380 1223 455 1277 modd
469 1226 611 1276 formidatus
625 1225 649 1274 in
664 1226 744 1282 urbe,

133 1310 170 1358 4ο
217 1298 268 1348 vix
283 1299 366 1348 humili
382 1299 464 1348 duram
482 1299 570 1364 repulit
586 1310 638 1349 arte
654 1297 751 1347 famem.

180 1369 248 1436 Quid
262 1371 343 1424 fuerat
357 1371 450 1439 Magno
463 1369 562 1437 majus?
578 1383 658 1421 tamen
673 1371 715 1420 ille
730 1369 830 1440 rogavit

217 1443 336 1494 submissa
352 1445 446 1512 fugiens
461 1461 525 1496 uoce
542 1445 638 1494 clientis
654 1459 736 1510 opem.

182 1515 278 1584 Cuique
293 1517 347 1568 viro
363 1530 432 1569 totus
445 1530 564 1568 terrarum
579 1517 658 1583 patuit
673 1516 758 1575 orbis,

218 1590 315 1657 lndigus
330 1590 427 1640 effeetus
444 1591 555 1641 omnibus
569 1589 618 1656 ipse
635 1590 718 1656 magis.

137 1675 171 1723 45
186 1660 232 1712 Ille
246 1661 393 1730 Iugurthino
407 1665 505 1721 clatus,
521 1663 668 1727 Cimbroque
682 1660 823 1726 triumpho,

219 1732 279 1798 Quo
294 1735 381 1786 vifltix
395 1737 470 1788 toties
487 1735 594 1786 Consule
610 1735 688 1786 Roma
702 1735 769 1791 fulta

183 1807 212 1858 lu
227 1824 299 1859 coeno
315 1809 384 1860 latuit
397 1809 507 1867 Marius,
527 1808 650 1875 cannique
667 1806 781 1874 palustri:

220 1880 362 1932 Pertulit&
377 1894 446 1933 tanto
463 1882 539 1932 multa
555 1881 667 1947 pudenda
684 1881 746 1931 uiro.

183 1953 256 2005 Ludit
270 1954 417 2006 inhumanis
433 1955 511 2005 divina
526 1954 635 2020 potentia
649 1955 722 2004 rebus
734 1970 742 2012 ς

140 2040 175 2090 50
223 2026 255 2076 Et
270 2039 360 2078 certam
375 2028 479 2094 praesens
491 2028 533 2079 vix
546 2028 619 2077 habet
634 2026 695 2077 hora
712 2024 794 2077 fidem.

183 2098 253 2150 Litus
268 2101 298 2150 ad
313 2100 451 2159 Euxinum,
468 2102 490 2151 si
506 2102 559 2168 quis
574 2099 631 2151 milti
648 2100 760 2159 diceret,
777 2098 845 2158 ibis,

219 2172 251 2222 Et
266 2186 381 2231 metues,
398 2190 457 2223 arcu
470 2190 501 2224 ne
516 2174 603 2225 feriare
620 2171 713 2231 Getae3

185 2244 218 2305 l,
234 2247 310 2305 bibe,
326 2247 448 2307 diuidere,
465 2260 595 2315 purgantes
611 2246 708 2312 pettora
725 2245 831 2295 succos:

220 2317 344 2387 Quicquid
361 2321 387 2371 dt
404 2321 430 2369 in
443 2331 497 2369 tota
513 2320 617 2391 nascitur
632 2318 769 2386 Anticyrd:

144 2404 175 2455 55
189 2391 247 2442 Sum
260 2405 341 2445 tamen
355 2395 407 2443 haec
423 2390 499 2459 passos
512 2408 519 2445 a
532 2410 596 2452 nec,
610 2392 630 2443 si
646 2392 757 2443 mortalia
770 2388 883 2457 poffena,

222 2464 254 2514 Et
263 2465 352 2532 'summi
366 2478 475 2532 poteram
488 2468 539 2518 tela
556 2482 642 2517 cavere
655 2464 714 2515 Dei.

185 2536 227 2589 Tu
236 2554 333 2606 quoque
342 2540 381 2589 fac
392 2540 476 2589 timeas
488 2556 497 2597 ;
514 2538 559 2598 dc,
576 2557 628 2607 quae
643 2539 689 2587 tibi
698 2539 752 2589 laeta
763 2534 880 2589 videntur
889 2568 902 2595 a

221 2610 289 2665 Dum
302 2612 429 2684 loqueris,
444 2609 498 2663 fieri
515 2612 586 2665 tristia
602 2610 667 2680 polle
684 2625 751 2678 puta.

480 2774 540 2855 »⁴0⁹⁴

482 2845 539 2893 m
