1975 3700
175 283 476 358 Tursrrviu
501 286 678 357 ΗΜ).
727 308 803 384 245

86 405 137 458 Sed
151 405 259 459 dedimus
275 403 757 476 poenastsqtbiciqueiniinibusiiiri
789 437 795 449 ι

125 481 170 530 ille
188 483 325 548 pharetrati·
335 481 401 532 lusor
415 481 515 532 Amoris
533 480 607 531 abest.

86 553 165 618 Quod
178 553 302 622 superest,
319 556 409 606 animus
424 556 454 605 ad
470 556 568 622 pubiica
584 553 689 606 carmina
703 555 797 614 dexia

126 627 157 677 Et
173 643 293 678 memores
311 627 369 694 jussi
388 629 491 679 nominis
508 625 555 678 eise
572 628 616 679 sui.
830 629 834 638 ’

87 701 113 749 Si
130 712 212 750 tamen
226 717 240 750 e
254 700 324 751 vobis
339 703 439 768 aliquis,
452 715 502 751 tam
516 702 591 752 muita
599 734 607 760 ,
621 701 746 768 requiret,
810 717 855 765 25.

124 774 199 824 Unde
214 774 318 825 dolenda
330 791 413 825 canam
428 791 437 834 3
452 776 528 824 muita
540 773 646 823 dolenda
661 776 715 825 tuii.

84 846 109 896 N
113 863 146 896 on
161 847 213 896 baec
229 847 345 916 ingenio,
364 865 414 899 nun
429 849 484 897 haee
498 843 665 913 cumpunimus
679 862 753 900 artaz
773 886 778 894 ,

123 919 230 969 Materia
244 921 277 970 eu
292 922 396 988 propriis
411 920 532 988 ingeniosa
547 921 624 971 maiis.

84 991 118 1042 Et
122 1005 266 1125 gum
222 993 335 1044 Fuitunae
351 1011 405 1062 pars
421 994 475 1044 est
468 1011 494 1043 ιιι
509 993 615 1044 camnine
626 992 791 1085 ”⁰ſtr²³.'

144 1067 193 1116 elix
225 1067 267 1138 qui
280 1068 385 1133 patitur,
402 1082 455 1134 quae
469 1081 595 1118 numerare
608 1067 744 1118 valeti
752 1067 842 1133 30

84 1137 159 1202 Quot
173 1139 274 1193 frutices
285 1141 374 1199 siivae,
390 1151 450 1210 quot
465 1141 539 1191 flavas
550 1136 633 1190 Tibris
646 1138 756 1200 arenas,

14 1215 17 1226 '
122 1212 211 1263 Mollia
227 1225 286 1280 quot
301 1213 388 1264 Martis
404 1214 510 1281 gramina
526 1229 624 1280 campus
639 1211 744 1271 habai,

84 1283 139 1336 Tot
154 1287 216 1335 maia
232 1288 397 1352 pertulimust
415 1303 518 1353 quorum
532 1287 650 1336 medicina
665 1286 782 1352 quiesque

119 1359 211 1417 Nulla,
228 1359 273 1409 nisi
287 1359 311 1408 in
325 1359 402 1409 iiudio
416 1357 604 1426 Pieridumque,
620 1375 688 1409 mora
703 1359 745 1408 est.

82 1429 149 1494 Quis
159 1432 219 1490 triu
230 1432 312 1491 Naso,
324 1433 410 1482 modus
421 1433 550 1500 lacrymosi
561 1430 793 1498 eamrinisiinquis.
805 1446 836 1498 35

121 1504 208 1564 Idem,
224 1505 338 1556 fortune
353 1506 394 1574 qui
410 1504 495 1555 modu's
511 1501 583 1571 hujus
598 1505 655 1555 erit.
726 1506 757 1550 ,Ἃ
858 1545 862 1554 .

81 1577 160 1641 Quod
177 1571 283 1644 querit,
299 1580 339 1629 iila
354 1579 414 1628 mihi
427 1581 503 1648 pleno
516 1579 547 1628 de
564 1579 633 1628 ionae
649 1577 784 1629 ministrat:

118 1653 174 1702 Nec
188 1669 241 1702 mea
254 1651 324 1711 sunt
342 1653 385 1702 fati
401 1654 474 1702 verba
488 1651 531 1702 sed
545 1651 585 1700 rua
601 1651 658 1701 mei.
713 1667 717 1674 ·
752 1656 756 1664 '

80 1724 115 1774 eit
132 1725 226 1774 mibi'
204 1741 227 1774 si
245 1724 299 1776 cari
314 1727 415 1794 patriam
430 1741 484 1774 curn
497 1725 607 1792 'conjuge
615 1724 734 1783 ','reddas

118 1799 173 1848 Sint
187 1800 267 1848 vultus
280 1799 368 1851 hilares
381 1797 496 1865 „simque
512 1799 578 1866 quod
592 1811 648 1847 aute
664 1797 709 1847 fui.
800 1811 837 1860 40

79 1872 174 1923 Lenior
190 1872 271 1923 invidi
282 1874 306 1923 ¹si
322 1874 354 1923 sit
369 1872 425 1922 mihi
442 1873 542 1923 Caesaris
556 1873 610 1931 ira,

117 1944 240 1995 Carmina
247 1945 360 1997 laetitiae
353 1964 401 2013 Jam
416 1946 459 1995 tibi
475 1948 546 2011 plena
563 1944 635 1994 dabo.

77 2019 135 2068 Nec
150 2031 215 2068 rame
217 2036 232 2067 n
245 2031 273 2069 ut
289 2019 365 2077 lusit,
381 2019 460 2069 rursus
475 2030 532 2069 mea
543 2018 612 2068 iiteta
628 2016 716 2069 ludet·

115 2092 155 2141 Sit
169 2092 242 2141 semel
257 2090 319 2142 ilia
313 2104 375 2156 loco
388 2093 505 2143 luxuriata
520 2092 601 2142 suo.

79 2162 326 2231 Quodprobetipse,
329 2182 430 2215 canam:
438 2182 526 2230 poenae,
527 2162 786 2229 modupnteievata,
798 2177 832 2227 45

113 2238 253 2289 barbadam
268 2238 358 2306 rigidos
376 2238 504 2325 effugiqmq
505 2256 535 2287 ue
554 2237 642 2287 Getas.

77 2311 177 2361 interea
192 2311 264 2361 nostri
281 2310 352 2379 quid
348 2319 440 2380 agant,
454 2313 511 2361 'nisi
507 2307 600 2369 triste,
612 2306 708 2360 libelli?

114 2384 189 2433 Tibia
204 2385 326 2435 funeribus
340 2386 456 2435 convenit
470 2386 511 2435 ista
527 2386 596 2434 meis.

78 2452 113 2507 At
130 2469 248 2521 poteras,
266 2458 362 2524 inquis,
376 2456 460 2508 meliis
474 2459 535 2507 maia
550 2458 613 2507 ierre
628 2455 745 2515 silendo;

114 2530 147 2580 Et
162 2530 251 2580 tacitus
269 2530 335 2581 casus
351 2530 500 2581 dissimulare
512 2542 580 2582 tuos.
800 2542 834 2593 50

76 2603 178 2669 Exigis,
196 2616 224 2652 ut
239 2605 299 2653 nuiii
313 2604 416 2671 gemitus
430 2615 554 2655 tormenta
564 2604 718 2669 sequantura

114 2677 281 2743 deceptoque
291 2678 358 2744 graui
371 2678 491 2736 vulnere,
509 2676 568 2727 dere
582 2690 660 2728 uetat.

78 2749 133 2816 ipse
149 2744 256 2802 Perilleo
268 2748 373 2801 Phalaris
389 2750 540 2817 permisitim
550 2768 612 2801 aere'

113 2823 194 2871 Edere
208 2824 330 2889 mugitus,
348 2824 374 2874 δι
389 2825 520 2874 boviaote
538 2825 615 2891 queri.

78 2893 140 2945 edm
156 2894 241 2945 Priami
255 2897 366 2963 lacrymis
384 2896 488 2947 offensus
502 2912 552 2946 non
566 2898 598 2948 sit
614 2896 740 2955 Achilles,
777 2898 830 2963 :135

15 2988 16 2991 ¹
112 2968 153 3021 Tu
170 2968 239 3023 fletus
255 2970 366 3031 iniu'bes,
383 2967 565 3030 durioruhoste,
579 2972 688 3033 mensus
752 3010 756 3017 .

684 3041 740 3108 Liij
