1975 3700
158 237 442 350 ansrrvrr
470 279 576 352 err.
603 285 645 352 V.
694 284 769 380 263

54 401 103 454 llle
119 397 195 449 senex
208 397 283 468 difflue
297 397 389 464 sapiens
401 399 430 449 ab
443 397 573 465 Apolline,
587 401 680 453 nullum
782 418 813 470 15

95 473 210 524 Scribere
225 471 250 520 in
263 472 311 520 hoc
327 471 383 521 casu
398 471 538 523 sustinuisset
553 490 626 539 opus.

56 548 95 600 Ut
108 545 194 611 patrie
206 542 322 602 veniant.
338 539 439 596 viniaut
452 546 542 596 oblivia
553 547 644 607 vestri,

98 617 188 670 Omnis
204 630 232 668 ut
247 616 343 668 admissi
358 617 438 670 sensus
452 617 532 670 abesse
551 633 646 686 queat3

58 692 95 744 At
108 693 183 742 timor
198 689 280 742 offitio
292 691 362 759 fungi
374 703 442 742 vetat
454 691 505 758 ipse
519 694 624 759 quieto:

99 763 201 814 Cinstus
215 767 244 814 ab
259 765 386 816 innumero
400 781 439 815 me
455 778 526 816 tenet
540 766 607 817 hoste
620 769 703 822 locus.
782 785 817 821 20

59 838 151 896 Adde,
169 838 235 904 quod
247 837 370 905 ingenium
382 837 455 906 longi
469 839 580 908 rubigine
591 839 672 892 lresirnr

98 911 197 976 Torpet
211 926 220 962 t
238 911 264 962 dt
277 911 310 960 eli
322 909 416 971 multd,
432 915 503 978 quim
516 913 563 962 suit
575 925 648 973 rnre,
663 915 752 968 minus·

60 984 177 1042 Fertilis,
193 983 288 1034 assiduo
304 984 325 1035 si
339 1001 391 1035 non
404 998 539 1036 renovetur
553 999 651 1047 aratro,

99 1058 162 1115 Nil,
180 1057 226 1108 nisi
243 1073 296 1107 curn
315 1056 386 1122 spinis
400 1073 517 1125 gramen,
531 1059 629 1111 habebit
642 1076 711 1128 ager.

62 1130 190 1196 Tempore
204 1129 245 1197 qui
260 1131 335 1198 longo
348 1131 458 1189 steterit,
473 1133 537 1182 ruale
550 1145 649 1194 curret,
666 1134 692 1185 dt
706 1135 770 1186 inter
783 1152 798 1188 2
803 1151 815 1200 5

101 1203 247 1254 Carceribus
263 1201 342 1254 missos
360 1203 457 1254 ultimus
472 1205 518 1254 ibit
533 1222 620 1273 equor.

61 1277 179 1332 Vertitur
194 1276 219 1326 in
233 1289 343 1327 teneram
358 1278 466 1336 cariem,
480 1278 593 1345 rimisque
610 1278 729 1342 dehiscit,

100 1350 127 1400 Si
143 1365 191 1416 qua
206 1349 334 1400 diu-solitis
348 1351 433 1419 cymba
446 1351 539 1402 raeirit
551 1352 629 1419 aquit.

65 1423 111 1474 Me
127 1439 224 1488 quoque
240 1422 359 1488 despero,
372 1423 460 1474 fuerim
475 1422 530 1474 crim
545 1441 633 1491 parvus
643 1425 671 1479 dt
682 1439 757 1490 aute,

102 1497 159 1554 illi,
177 1496 216 1560 qui
230 1495 321 1546 sueram
332 1527 340 1554 ,
353 1495 419 1563 posse
433 1497 514 1547 redire
529 1515 622 1564 parem.
786 1511 821 1569 30

67 1567 193 1619 Contudit
206 1569 327 1637 ingenium
341 1570 456 1636 patientia
467 1571 540 1638 longa
556 1572 666 1623 laborm
679 1589 689 1625 t

104 1642 137 1692 Er
151 1657 207 1706 pars
222 1642 314 1708 antiqui
326 1659 411 1710 magna
425 1642 517 1711 vigoris
531 1644 606 1694 abest.
644 1659 649 1670 ¹

67 1715 138 1782 Saepe
148 1727 230 1764 tamen
239 1714 308 1766 nobis
317 1747 326 1770 ,
336 1727 363 1766 ut
373 1731 436 1766 nunc
445 1733 558 1783 quoque,
568 1717 644 1768 sumta
653 1718 744 1775 tabella
752 1717 786 1772 est
795 1736 804 1780 3

104 1789 183 1854 Inque
198 1787 252 1838 suos
267 1787 336 1838 volui
350 1804 441 1857 cogere
455 1791 530 1839 verba
544 1791 639 1856 pedes:

67 1862 183 1913 Carmina
192 1861 279 1927 scripta
287 1862 345 1911 mihi
356 1862 409 1915 sunt
418 1865 499 1923 nulla,
510 1876 552 1913 aut
562 1864 640 1931 qualia
650 1866 748 1927 εει-υἱεῖ
787 1880 801 1935 3
807 1882 820 1931 5

103 1935 188 2001 Digna
204 1934 237 1983 sui
251 1934 342 1985 domini
355 1947 483 2001 tempore,
504 1936 576 2004 digna
590 1939 658 1990 loco.

67 2008 185 2074 Denique
200 2023 250 2057 non
264 2024 349 2073 parvas
364 2009 443 2059 animo
458 2009 499 2059 dat
514 2010 591 2076 gloria
605 2012 690 2073 vireta

106 2081 139 2130 Er
157 2080 261 2130 secunda
276 2080 334 2130 sarit
347 2082 446 2147 pellora
460 2083 537 2132 laudis
549 2096 626 2135 arnor.

68 2152 181 2203 Nominis
196 2152 223 2203 dt
237 2152 306 2203 same
323 2153 442 2219 quondam
456 2156 553 2223 fulgore
567 2158 699 2219 trahebar,

106 2227 174 2275 Dum
189 2225 245 2276 tulit
259 2238 375 2277 antennas
390 2244 448 2277 aura
465 2228 569 2278 secunda
584 2246 661 2281 meas.
787 2246 825 2296 40

68 2299 129 2348 -Nou
140 2298 203 2349 adeo
211 2297 244 2349 ert
252 2300 316 2349 bene
323 2316 403 2358 nunc,
415 2312 443 2351 ut
450 2300 481 2351 sit
489 2301 547 2353 mibi
554 2303 631 2369 gloria
641 2318 723 2357 curet

108 2372 134 2422 Si
147 2371 239 2431 liceat,
253 2373 313 2441 nulli
327 2373 439 2441 cognitus
453 2372 502 2425 effe
516 2376 601 2427 velim.

71 2442 131 2502 An,
149 2444 204 2511 quia
219 2444 337 2497 refferunt
352 2444 430 2512 primd
444 2448 507 2497 bene
523 2449 647 2508 carmina,
662 2449 748 2503 suadet

109 2518 239 2576 Scribere,
255 2518 371 2570 strccessus
388 2534 416 2571 ut
431 2519 517 2587 sequar
529 2521 580 2586 ipse
596 2522 688 2575 meos?

72 2590 155 2649 Pace,
174 2607 280 2651 novem,
295 2592 373 2643 vestri
389 2593 462 2643 liceat
475 2594 576 2652 dixisse,
592 2596 717 2656 Sororer;
789 2613 823 2659 45

109 2665 164 2714 Vos
180 2663 233 2715 estis
249 2664 333 2717 nostre
350 2666 449 2716 maxima
466 2667 536 2716 causa
552 2669 628 2735 fuge.

72 2736 158 2803 thue
173 2737 241 2789 dedit
253 2736 325 2804 justas
340 2740 403 2789 tauri
419 2738 550 2790 fabricator
563 2743 635 2802 a'e‘ni,

110 2811 151 2860 Sic
170 2826 217 2879 ego
234 2811 266 2861 do
284 2822 368 2878 poenas
384 2812 472 2863 artibus
487 2811 538 2879 ipse
553 2814 623 2865 meis.

74 2883 116 2935 Nil
132 2884 189 2933 mihi
204 2884 319 2935 debuerat
333 2898 388 2935 cum
405 2886 515 2935 retribui
528 2888 628 2952 amplius
644 2886 710 2947 esi'e3

112 2956 163 3007 Sed
177 2957 288 3028 sugerem
303 2954 391 3011 meritd
407 2958 537 3027 musragus
552 2976 624 3012 omne
638 2960 736 3012 sreturn.
794 2977 827 3027 50
