1975 3700
164 218 655 290 Tursrrvrrmd.
708 242 777 315 171

69 337 120 391 Vix
136 336 183 387 duo
197 348 280 386 tresve
294 335 352 385 mihi
368 335 398 385 de
413 335 593 402 totvlnperestis
607 339 697 391 amici:

108 409 198 459 Cetera
213 411 346 468 Fortunae,
362 425 411 459 uon
421 426 492 467 mea,
510 411 582 459 turba
597 411 651 461 fuir.

71 484 130 548 Quo
146 483 239 551 magis,
256 498 271 531 o
286 483 376 547 pauci!
393 484 465 533 rebus
482 482 615 533 succurrite
629 482 725 551 lapsis,
789 498 823 550 35

107 557 139 606 Et
155 556 211 605 date
222 556 349 622 naufragio
364 556 436 606 litorn
452 568 506 605 tuta
520 574 586 607 meo.

69 631 141 679 Neve
156 640 224 678 metu
237 629 295 679 falso
311 627 407 679 nimidm
421 629 560 696 trepidate,
575 631 710 690 turrentes,

108 702 161 751 Hac
178 700 312 751 offendatur
329 719 361 751 ne
374 704 466 768 pietate
480 703 562 754 Deus.

69 778 140 841 Saepe
156 773 229 825 fidem
246 774 352 825 adversis
366 777 440 825 etiam
451 776 557 826 laudavit
571 775 597 825 in
613 777 702 836 armis,

108 850 183 915 Inque
196 846 242 897 luis
258 860 320 899 amat
334 850 395 901 hanc
412 848 511 907 Celer,
526 849 553 899 in
569 848 635 899 hoste
647 852 744 917 probat.
789 866 826 914 40

69 922 148 973 causa
164 938 219 971 mea
233 920 266 971 est
282 922 388 981 melior,
406 921 446 987 qui
460 938 510 971 non
524 923 645 972 contraria
658 924 711 973 fovi

107 996 182 1045 Arma
194 1012 203 1053 ;
217 994 258 1045 sed
273 996 335 1045 hanc
348 996 427 1045 merui
442 995 596 1061 simplicitate
613 995 705 1063 lugam.

68 1069 185 1136 invigiles
197 1068 272 1135 igitur
287 1068 372 1119 nostris
388 1085 433 1135 pro
446 1069 561 1127 casibus,
578 1084 646 1128 oro,

107 1142 216 1191 Diminui
234 1141 255 1192 si
269 1144 316 1208 qui
330 1142 431 1193 numinis
448 1143 483 1191 ira
499 1141 588 1206 potest.

70 1216 140 1265 Scire
157 1230 224 1265 meos
239 1215 260 1265 si
277 1216 330 1280 quis
346 1216 413 1265 casus
430 1215 554 1265 desideret
570 1231 678 1273 omnen
792 1229 827 1277 45

111 1288 185 1347 Plus,
206 1291 275 1354 quim
288 1289 353 1354 quod
369 1286 422 1339 fieri
435 1306 474 1339 res
486 1289 543 1339 sinit
555 1321 563 1347 ,
577 1289 620 1339 ille
634 1299 714 1354 petat.

69 1362 123 1411 Tot
137 1363 196 1411 mala
210 1362 260 1413 sum
273 1360 368 1427 pallus,
382 1374 442 1429 quor
455 1363 480 1411 in
494 1363 588 1412 aetlrere
603 1362 683 1413 sidera
698 1362 803 1419 lucent3

109 1434 232 1501 Parvaque
248 1448 308 1501 quot
323 1437 401 1497 siccus
416 1452 520 1502 corpora
533 1435 614 1501 pulvis
627 1435 712 1487 hebet.

69 1508 200 1575 Multaque
216 1508 324 1557 credibili
338 1509 434 1559 tulimus
449 1508 560 1573 majora:
575 1520 718 1573 ratamque,

109 1581 228 1645 Quamvis
244 1581 397 1639 acciderint,
413 1598 463 1630 non
476 1580 587 1630 habitura
601 1578 683 1631 fldem.
796 1593 830 1643 50

69 1654 131 1703 Pars
147 1654 220 1702 etiam
235 1669 330 1703 mecum
346 1654 455 1719 quedam
469 1654 587 1703 moriatur
602 1664 723 1719 opuntem

109 1726 223 1792 Meque,
241 1725 313 1775 velim
327 1727 422 1792 possit,
442 1726 625 1783 dissimulante,
641 1726 704 1793 tegi.

70 1801 98 1851 Si
114 1817 164 1849 vox
180 1800 205 1849 in
221 1798 300 1870 fragili
314 1800 372 1849 mihi
390 1798 489 1866 pellere
504 1797 595 1851 firmior
611 1816 680 1858 aere,
709 1853 714 1859 ἱ

109 1874 231 1939 Pluraque
245 1889 299 1922 cum
313 1873 399 1942 linguis
415 1874 522 1939 pluribus
537 1890 580 1924 ora
596 1873 702 1930 forent3

71 1951 131 1998 Non
146 1960 227 1998 tamen
242 1946 333 1998 idcirco
348 1946 523 2014 compleilerer
538 1947 618 1997 omnin
632 1947 732 2006 verbis,
796 1961 828 2011 55

110 2019 217 2081 Meteri}
232 2022 297 2071 vires
314 2021 472 2087 exsuperante
490 2037 566 2070 meas.
787 2017 791 2022 ’

72 2093 121 2144 Pro
136 2094 196 2144 duce
213 2094 328 2152 Neritio,
344 2094 425 2152 doni,
441 2093 504 2142 mala
517 2093 613 2151 nostra,
628 2091 732 2154 Poe'tae,

111 2167 214 2217 Scribite
227 2183 234 2218 e
248 2167 346 2217 Neritio
362 2185 417 2218 nam
431 2167 492 2215 mala
508 2167 577 2231 plura
593 2165 648 2215 tuli.
801 2199 818 2226 <

72 2242 139 2298 llle‚
157 2241 226 2290 brevi
242 2239 337 2304 spatio,
355 2239 436 2290 multis
452 2239 542 2288 erravit
552 2240 578 2288 in
592 2238 679 2296 annis,

111 2314 179 2362 lnter
195 2312 321 2362 Dulichias
338 2313 470 2378 Iliacasque
488 2312 584 2363 domos.
796 2308 833 2364 60

72 2387 150 2445 Nos,
169 2384 232 2434 freta
247 2384 365 2436 sideribus
380 2385 445 2438 notis
462 2384 570 2435 distantia
587 2383 682 2434 mensos
697 2417 705 2443 ,

116 2460 175 2510 sors
191 2458 247 2508 tulit
261 2457 286 2506 in
300 2457 403 2509 Geticos
416 2459 608 2526 Sarmaticosque
625 2459 700 2509 sinus.

73 2534 121 2584 Ille
136 2531 221 2580 habuit
236 2528 354 2598 fidamque
371 2527 485 2590 manum,
506 2532 634 2598 sociusque
650 2530 758 2589 fidelem

61 2663 66 2669 ,
113 2603 158 2654 Me
174 2603 302 2670 profugum
320 2602 566 2662 comitesdeseruere
581 2604 638 2655 mei.

73 2681 120 2730 llle
138 2677 202 2728 suam
219 2677 290 2726 laetus
304 2677 404 2742 patriam
417 2677 541 2744 viilorque
555 2681 664 2744 petebat.
691 2729 695 2735 ,
794 2675 827 2738 65

112 2751 137 2800 A
152 2749 228 2817 patria
243 2750 311 2818 fugio
328 2749 410 2801 villus
422 2750 448 2802 ὄι
464 2750 531 2801 exsul
545 2768 605 2820 ego.

75 2826 131 2876 Nec
143 2824 200 2874 mihi
210 2823 349 2874 Dulichium
360 2825 446 2876 domus
456 2823 490 2876 est
500 2859 507 2884 ,
519 2826 636 2875 Ithaceve
646 2858 655 2880 ,
667 2823 785 2882 Samene,

113 2897 187 2950 Poena
200 2899 285 2966 quibus
300 2914 351 2952 non
366 2897 400 2954 est
414 2899 508 2970 grandis
521 2897 677 2959 abelselocis
685 2930 710 3017 h
725 2966 739 2978 ..

724 2985 740 3033 ¹l
