1975 3700
183 257 258 348 296
308 219 349 325 P.
378 256 564 328 Orrnrr
591 255 819 330 anourr

142 389 169 438 15
184 377 222 426 Est
233 395 286 432 mea
297 380 367 444 culpa
379 379 459 446 gravis
470 413 477 436 ,
496 378 536 428 sed
547 397 600 444 quae
611 396 649 428 me
660 379 763 444 perdere
773 381 851 432 solum

219 450 283 500 Ausa
298 452 348 510 sit,
366 453 392 503 &
407 453 498 502 nullum
513 451 589 517 majus
604 453 690 502 adorta
705 456 783 504 nefas.

182 525 241 583 Nil,
256 525 301 574 nisi
311 542 360 576 non
372 525 463 590 sapiens
473 559 482 582 ‚
493 523 583 591 possum
593 559 601 582 ,
613 525 777 592 timidusque,
791 527 899 580 vocari:

220 597 280 647 Haec
298 599 347 649 duo
364 598 418 648 sunt
433 599 510 654 animi¹
520 598 616 647 nomina
632 615 690 647 vera
706 599 764 648 mei.

183 671 236 722 Esse
251 672 346 737 quidem
363 673 463 730 fateor,
478 671 590 721 meritam
605 671 657 736 post
671 671 769 737 Caesaris
787 673 871 734 iram,

140 759 173 792 20
211 743 352 794 ‚Difficilem
369 745 480 812 precibus
496 756 521 793 te
535 761 633 810 quoque
646 742 700 809 jure
714 746 783 795 meis.

184 816 295 884 Quaeque
311 831 353 868 tua
371 818 404 868 est
419 819 497 885 pietas
513 817 537 866 in
552 828 632 866 totum
649 833 738 866 nornen
754 819 819 880 liiii,

219 883 348 950 Te'laedi,
367 889 419 942 crim
434 892 486 958 quis
500 891 598 940 laeditur
613 891 688 948 inde¹
708 903 788 956 putas.

183 963 231 1014 Sed
247 963 306 1016 licet
321 981 385 1015 arma
402 965 485 1023 feras,
501 963 643 1014 &vulnera
659 964 719 1014 saeva
735 965 860 1024 mineris,

221 1037 278 1086 Non
295 1051 374 1088 tamen
390 1036 501 1096 efficies,
519 1048 547 1086 ut
562 1037 662 1087 timeare
679 1038 745 1090 mihi.

140 1125 155 1159 2
160 1124 172 1172 5
185 1108 274 1176 Puppis
291 1110 480 1162 Achaemeniden
498 1107 600 1175 Grajum
616 1108 724 1173 Trojana
738 1110 858 1176 recepit:

219 1181 314 1233 Profuit
332 1183 357 1235 &
374 1183 447 1251 Myso
464 1182 542 1234 Pelias
557 1182 621 1234 hasia
638 1183 702 1232 duci.

185 1253 303 1324 Confugit
319 1257 438 1306 interdum
454 1255 539 1322 templi
553 1256 658 1306 violator
674 1257 704 1305 ad
718 1273 803 1316 aram,

219 1330 271 1379 Nec
285 1343 369 1396 petere
387 1329 473 1380 offensi
487 1329 589 1378 numinis
605 1329 690 1378 horret
705 1345 786 1395 opem.

184 1401 281 1462 Dixerit
296 1403 344 1452 hoc
359 1403 442 1470 aliquis
459 1414 537 1461 tutum
552 1419 601 1452 non
618 1401 686 1461 effe5
706 1402 828 1454 fatemur:

139 1489 172 1540 30
219 1475 267 1524 Sed
283 1493 336 1542 non¹
348 1479 392 1541 'per
408 1477 513 1541 placidas
529 1475 549 1524 it
564 1493 618 1525 rnea
635 1476 718 1540 puppis
733 1493 816 1543 aquas.

150 1567 152 1572 ·
182 1547 247 1596 Tuta
263 1559 347 1614 petant
364 1549 404 1598 alii
417 1549 424 1600 i
437 1549 543 1600 Fortuna
559 1549 686 1598 miserrima
703 1558 757 1598 tuta
771 1549 823 1600 esi:

217 1621 278 1669 Nam
295 1621 366 1671 timor
382 1621 484 1672 eventsrs
500 1621 627 1673 deterioris
642 1620 715 1670 abeli.

181 1692 232 1758 Qui
247 1695 338 1760 rapitur
354 1695 427 1752 fatis,
446 1694 502 1762 quid
518 1707 607 1759 praetet
621 1693 669 1743 sata
683 1691 813 1761 requirat?

217 1765 287 1833 Saepe
304 1772 369 1834 emat
384 1767 469 1818 molles
486 1767 568 1832 aspera
583 1767 647 1834 spina
662 1767 736 1817 rosas.

138 1852 169 1905 35
181 1837 233 1904 Qui
249 1841 339 1907 rapitur
355 1839 477 1906 spumante
494 1840 564 1901 salo,
582 1841 622 1891 sua
635 1839 732 1891 brachia
747 1838 813 1890 cauti

212 1910 338 1983 surrigit,
359 1916 384 1965 dt
401 1914 476 1981 spinas
495 1914 601 1981 duraque
618 1914 671 1963 saxa
687 1914 761 1978 capit.

179 1983 328 2050 Accipitrenr
344 2000 455 2039 metuens
469 2020 477 2045 ‚
494 1988 581 2052 pennis
595 1986 769 2051 trepidantibus
782 1985 835 2038 aies

215 2058 297 2109 Audet
314 2060 476 2112 adhumanos
491 2058 547 2110 sessa
564 2060 649 2109 venire
664 2060 742 2111 rinus.

179 2130 235 2179 Nee
250 2130 274 2181 se
290 2132 372 2181 vicino
386 2133 481 2184 dubitat
496 2132 649 2183 committere
664 2131 753 2191 teuo.

134 2218 169 2264 40
216 2203 278 2268 Quae
291 2204 352 2273 fugit
367 2205 463 2257 insesios
479 2206 565 2257 territa
582 2221 653 2257 cerva
668 2222 752 2259 canes·

165 2276 217 2326 ⁴Da
227 2310 237 2334 ,
246 2294 351 2343 precor,
363 2278 478 2329 accessum
490 2279 619 2345 lacrymis,
630 2278 771 2333 mitissime,
782 2277 869 2330 nostris
882 2295 892 2331 t

215 2351 270 2399 Nec
284 2351 382 2419 rigidam
397 2353 484 2403 timidis
498 2352 598 2402 vocibus
613 2353 676 2401 obde
691 2352 779 2402 forem

179 2425 311 2489 Verbaque
327 2422 404 2475 nostra
420 2426 503 2476 favens
513 2424 621 2475 Romana
631 2425 660 2474 ad
672 2425 777 2475 Numina
785 2424 892 2491 perfer,

213 2496 271 2546 Non
285 2497 328 2547 tibi
343 2495 451 2563 Tarpeio
466 2498 531 2549 culta
545 2497 659 2549 Tonante
673 2497 761 2549 minus.

134 2584 166 2633 45
181 2568 339 2636 Mandatique
354 2572 401 2621 mei
418 2572 513 2639 legatus
528 2570 618 2638 suscipe
635 2570 750 2621 causamt

164 2682 171 2695 r
215 2642 286 2692 Nulla
303 2659 358 2695 meo
373 2644 478 2711 quamvis
493 2644 591 2695 nomine
607 2644 676 2694 causa
690 2645 754 2694 bona
770 2644 815 2697 esi.

176 2713 228 2767 Jam
245 2732 322 2782 prope
338 2716 483 2783 depositus,
503 2716 570 2769 certe
584 2716 630 2782 jam
647 2716 745 2783 frigidus
762 2734 849 2787 ager,

214 2788 328 2840 Servatus
341 2804 386 2855 per
400 2800 445 2850 te,
462 2791 482 2841 si
499 2788 573 2841 modi»
587 2790 688 2847 server,
705 2806 759 2839 ero.

177 2862 247 2910 Nunc
262 2876 303 2913 tua
317 2878 362 2928 pro
378 2864 450 2929 lapsis
466 2864 555 2914 nitatur
569 2863 643 2931 gratia
659 2863 753 2921 rebus,

135 2948 167 2995 50
215 2931 331 3003 Principis
348 2936 433 2989 aeterni
450 2952 520 3005 quam
535 2936 580 2991 tibi
593 2934 687 3006 prestat
702 2952 781 2991 amor·
