1975 3700
200 263 274 313 212
321 244 364 312 P.
392 241 581 313 Orruit
604 242 842 317 ‚Nusours

172 375 912 451 effloeQss—-e-qr

305 494 561 559 utel-A
601 494 746 558 VllL

170 590 228 709 „IN
242 666 302 704 uuc
312 630 507 722 equdptolemi
515 671 630 720 cuperem
639 654 807 707 conscendere
814 670 912 713 currus,

233 726 304 777 Misit
320 728 346 777 in
360 729 468 795 ignotam
483 729 524 793 qui
540 728 601 777 rude
618 727 700 777 semen
713 728 835 782 humumz

197 801 268 850 Nunc
283 816 331 868 ego
345 801 443 851 Medda
458 801 550 851 vellem
566 800 663 851 itenere
678 800 819 859 dracones,

235 872 306 938 Quos
322 875 406 925 habuit
420 873 515 941 fugiens
530 890 605 932 arce,
620 872 758 932 Corinthe,
774 875 842 926 tuit

173 962 185 1008 5
199 946 335 1014 Nune-ago
352 946 475 1014 jactandas
487 958 598 1013 optarem
614 946 707 998 sumere
723 962 840 1013 penum

234 1016 291 1069 Side
307 1034 380 1079 tuas,
399 1019 509 1078 Perieu3
526 1019 648 1079 Danu,
665 1020 718 1071 sive
732 1032 810 1071 tuas:

196 1092 251 1150 Ut,
268 1093 355 1143 teneris
369 1090 455 1143 nostris
465 1093 576 1159 ¹cedente
592 1094 713 1145 volatibus
728 1094 808 1152 ruri,

106 1222 109 1226 ,
235 1165 375 1235 Aspicerem
391 1166 474 1231 patrie
491 1165 564 1216 dulce
579 1178 683 1232 repente
701 1165 799 1217 solum:

198 1238 357 1305 Desertaeque
371 1239 455 1289 domls
470 1240 583 1295 uultum,
597 1254 765 1304 memoresque
778 1238 891 1297 sodales,

157 1326 188 1361 10
237 1311 347 1378 Curaque
362 1310 484 1377 praecipul
500 1309 611 1378 conjugis
628 1311 755 1361 oramihi.

198 1384 297 1442 Stulte,
314 1384 370 1449 quid
387 1383 422 1435 o!
436 1383 522 1434 frustra
535 1385 599 1435 votis
614 1385 745 1451 puerilibus
762 1397 833 1451 optas
845 1419 853 1442 ,
866 1402 875 1411 ··

236 1455 298 1521 Qua
314 1474 364 1507 non
378 1457 427 1507 ulls
441 1458 517 1515 tulit,
533 1456 650 1524 fertque,
667 1458 779 1525 feretque
798 1456 873 1509 dies?

197 1529 223 1581 Si
241 1529 313 1581 semel
327 1530 459 1595 optandum
471 1530 523 1590 eli,
541 1530 672 1599 Augustum
686 1547 776 1581 numen
788 1532 865 1581 adora
876 1546 895 1582 t·

234 1602 265 1653 Et
281 1620 352 1669 quem
367 1602 463 1659 laesisti,
480 1603 529 1653 tite
544 1619 665 1668 precare,
681 1604 774 1654 Deum.

157 1676 246 1738 15llie
263 1676 308 1727 tibi
322 1692 461 1745 pennaeque
477 1676 557 1741 potest
573 1692 705 1743 currusque
721 1678 851 1729 volucres*

234 1748 344 1801 Tradere
358 1767 365 1801 s
379 1750 421 1801 det
436 1749 560 1808 reditum,
576 1751 687 1817 protinus
700 1751 751 1801 ales
768 1751 827 1801 esis.

198 1822 224 1873 Si
235 1839 323 1891 precer
332 1824 405 1884 haec,
425 1822 579 1892 nequeenim
591 1824 681 1892 possim
692 1821 783 1889 majore
792 1822 887 1890 precari
899 1857 908 1882 ‚

235 1897 274 1947 Ne
291 1914 344 1949 mea
358 1899 408 1948 sint
422 1898 500 1948 timeo
513 1909 573 1948 vota
586 1897 691 1948 modesta
707 1910 802 1964 parum.

198 1969 308 2024 Forsitan
321 1971 370 2020 hoc
384 1969 461 2028 olim,
477 1969 532 2020 clun
548 1970 571 2021 se
587 1970 708 2022 satiaverit
720 1969 775 2030 ira,
840 1999 849 2015 ι

155 2055 189 2089 20
237 2043 300 2092 Tum
319 2058 415 2109 quoque
430 2041 524 2094 soliciti
539 2057 621 2094 mente
636 2043 756 2110 rogandus
770 2044 829 2101 erit.

198 2113 273 2180 Quod
288 2115 366 2166 minus
377 2116 470 2166 interea
485 2115 539 2174 est,
553 2114 623 2168 instar
635 2116 694 2167 mihi
703 2117 809 2168 muneris
819 2117 906 2182 ampli,

233 2188 270 2239 Ex
287 2189 325 2238 his
342 2205 379 2238 me
394 2187 478 2254 jubeat
497 2189 608 2256 quolibet
622 2188 658 2238 ire
674 2189 745 2240 locis.

195 2261 249 2312 Nec
260 2263 364 2321 coelum,
374 2275 420 2314 nec
431 2279 499 2328 nquae
509 2262 618 2320 faciunt,
626 2277 673 2310 nec
684 2274 766 2320 terte,
774 2278 823 2313 nec
832 2276 906 2317 αυτοὶ

232 2335 264 2384 Et
278 2335 335 2385 mihi
349 2347 483 2402 perpetuus
498 2351 601 2400 corpora
617 2333 719 2401 languor
732 2334 818 2388 tabet.

154 2421 186 2469 25
200 2407 250 2457 Seu
267 2409 352 2458 vitiant
366 2420 432 2459 artus
449 2424 520 2474 egre
534 2407 647 2474 contagia
659 2407 768 2466 meutis3

234 2479 290 2529 Sive
307 2481 354 2530 mei
372 2480 440 2530 causa
458 2480 491 2530 etl
507 2480 535 2530 in
550 2479 650 2547 regione
666 2481 742 2530 mali:

199 2552 234 2602 Ut
248 2551 318 2619 tetigi
331 2551 453 2611 Pontum,
472 2565 561 2604 vexant
576 2552 713 2612 insomnia
729 2553 821 2618 vixque

235 2623 292 2674 offa
309 2625 371 2692 tegit
387 2627 495 2684 macies,
513 2642 560 2676 nec
576 2625 644 2692 juvat
660 2642 703 2676 ora
720 2626 801 2676 cibus.

200 2695 297 2762 Quique
312 2713 358 2762 per
374 2711 515 2748 autumnum
532 2699 652 2765 percussis
668 2698 759 2765 frigore
774 2698 856 2763 primo

155 2784 188 2834 30
237 2769 275 2820 Est
292 2770 361 2844 color¹
376 2770 400 2820 iu
416 2770 501 2829 foliis,
518 2788 573 2837 quae
586 2787 651 2822 noue
667 2771 730 2821 lesit
746 2770 846 2828 hiems;

199 2842 222 2893 ls
238 2858 291 2892 mee
305 2845 409 2894 membra
424 2855 504 2894 tenet.
523 2844 577 2894 Nec
591 2843 683 2893 uiribus
696 2844 789 2894 ellevor
805 2846 878 2900 ullis,

235 2914 266 2966 Et
281 2932 407 2984 numquam
424 2916 518 2984 queruli
536 2916 604 2967 causa
619 2915 711 2968 doloris
725 2915 800 2968 abest.
