1975 3700
183 253 263 349 386
297 259 338 322 P.
365 253 559 325 Ονιυιι
582 255 816 328 Nasonis

123 373 175 438 565
187 372 309 441 Sanguine
318 373 407 439 pr'obra
416 375 486 432 luas,
502 385 530 424 ut
539 391 586 424 avo
595 374 709 441 genitore
718 389 837 439 creatus,=

223 444 270 500 Per
283 447 377 496 facinus
390 447 459 499 soror
474 446 509 498 est
525 448 563 498 cui
581 447 620 496 sua
632 447 692 498 fasir
707 462 808 513 parens.

185 518 291 573 Ossibus
306 519 381 584 inque
395 519 444 569 tuis
462 521 506 570 teli
521 537 596 587 genus
613 520 704 572 hereat
717 522 798 581 illud,

222 592 340 644 Traditur
353 591 423 642 Icarii
441 609 489 658 quo
505 593 615 644 cecidisse
631 610 716 661 gener.

186 665 378 732 thueloquax
392 666 419 717 in
434 681 500 733 equo
516 665 549 716 est
562 666 633 716 elisus
649 678 734 734 guttur
748 683 842 720 acerno
856 676 871 731 ,'
952 664 956 672 ’

124 755 177 807 570
223 739 263 788 Sic
278 738 322 788 tihi
337 739 461 790 claudatur
475 741 565 804 pollice
581 739 650 790 votis
665 740 722 790 iter.

184 811 236 863 Aut
253 824 282 862 ut
295 813 452 864 Anaxarchus
467 812 517 878 pili
530 811 641 862 minuaris
656 813 681 862 in
694 813 762 871 alta,

221 885 319 951 liiaque
336 901 381 950 pro
395 885 476 935 solidis
490 885 599 953 frugibus
616 884 664 935 oui
680 885 776 936 sonent.

184 959 269 1024 thue
278 967 371 1022 patrem
379 957 516 1008 Psamathes
526 991 533 1016 ‚
546 958 635 1008 condat
645 967 670 1008 te
680 957 787 1010 Phoebus
797 959 824 1010 in
833 959 889 1012 ima
903 997 908 1006 ·

221 1030 344 1088 Tartaru
361 1031 426 1096 quod
438 1044 501 1081 natat
515 1032 609 1082 fecerat
622 1031 663 1080 ille
679 1031 735 1082 suae.

124 1119 174 1170 575
186 1103 330 1170 lnque'tuos
340 1119 369 1152 ea
378 1103 449 1169 pestis
460 1116 517 1162 eat,
530 1121 600 1169 quam
610 1104 695 1154 dextra
706 1104 827 1155 Choroebi

221 1176 310 1235 Vicit,
326 1192 398 1242 opern
411 1178 502 1227 miseris
515 1176 684 1244 Argolicisque
697 1178 764 1228 tulit.

184 1249 269 1316 thue
283 1265 360 1315 nepos
373 1245 483 1309 AEthrm
499 1249 605 1303 Veneris
619 1249 739 1316 periturus
756 1251 787 1300 oh
802 1250 883 1310 iram,

223 1322 298 1372 Exsul
316 1323 345 1370 ab
360 1322 470 1374 attonitis
486 1323 616 1374 excutiaris
633 1322 710 1388 equis.

186 1394 291 1461 Propter
304 1411 364 1459 opes
378 1412 476 1462 magnas
490 1408 519 1445 ut
534 1395 638 1461 perdidit
652 1395 739 1462 hospes
754 1397 902 1457 alumnum,

126 1469 179 1535 580
225 1466 313 1517 Perdat
328 1467 359 1516 ob
372 1468 471 1535 exiguas
484 1481 511 1518 te
524 1483 580 1519 tuus
595 1467 683 1534 hospes
700 1484 770 1533 opes.

176 1540 255 1608 ,Utve
267 1539 351 1610 serunt
363 1539 451 1593 iratres
463 1541 505 1610 sept
516 1557 570 1592 cum
581 1541 790 1593 Damasichthone
802 1543 880 1596 cesos
892 1576 902 1604 ,

224 1613 332 1662 Intereat
347 1625 430 1662 tecum
446 1613 481 1664 sic
497 1631 574 1682 genus
588 1629 659 1664 omne
674 1625 751 1666 tuum.

186 1685 289 1737 Addidit
303 1697 331 1736 ut
342 1683 431 1736 fidicen
443 1687 535 1736 miseris
551 1687 591 1737 sua
606 1687 691 1738 funera
705 1687 787 1746 natis,

225 1759 265 1808 Sic
279 1758 324 1808 tibi
336 1758 387 1809 sint
401 1759 459 1809 vitre
473 1760 545 1810 tardis
561 1759 619 1825 julia
635 1772 693 1810 ture.

128 1833 178 1902 585
190 1831 258 1883 Utve
275 1831 343 1882 soror
357 1831 476 1899 Pelopis,
494 1832 552 1883 saxo
569 1833 661 1883 dureris
678 1833 788 1893 oborto,

225 1906 258 1955 Et
271 1905 339 1955 laesus
354 1905 436 1973 lingui
451 1905 535 1957 Battus
552 1907 582 1955 ab
596 1906 646 1971 ipse
662 1905 712 1956 sul.

188 1979 255 2031 Adra
267 1979 287 2028 si
303 1976 369 2029 misso
383 1996 486 2029 vacuum
501 1978 640 2043 jaculabere
656 1979 744 2036 disco,

227 2051 286 2115 Quo
298 2066 360 2117 puer
374 2050 514 2107 OEbalides‚
533 2051 592 2101 iiius
605 2054 635 2102 ab
652 2053 712 2101 orbe
728 2050 810 2103 cadas.

189 2125 264 2191 Siqua
277 2140 321 2189 per
333 2123 442 2175 alternos
455 2124 586 2189 pulsabitur
598 2125 662 2175 unda
676 2126 802 2183 lacertos,

130 2214 182 2265 590
229 2196 316 2247 Omnis
328 2195 451 2263 ‘Abydeni
465 2196 497 2248 sit
510 2197 555 2247 tihi
569 2198 641 2264 pejor
655 2196 725 2263 aqui.

191 2270 307 2321 Comicus
321 2282 348 2319 ut
360 2269 457 2335 liquidis
469 2270 560 2335 periit,
576 2271 632 2321 dum
646 2271 737 2326 nabat,
751 2268 777 2319 in
791 2268 860 2322 undis
869 2284 887 2330 ς·ι

226 2342 260 2393 Et
275 2354 317 2392 tua
330 2342 367 2391 sic
382 2342 482 2410 Stygius
498 2341 627 2409 strangulet
643 2358 684 2393 ora
701 2344 790 2407 liquor.

189 2415 242 2470 Ant
253 2416 297 2469 ubi
310 2415 437 2466 ventosum
452 2414 570 2481 superiris
586 2416 715 2483 naufragus
728 2430 831 2481 aqum,

228 2487 347 2539 Contaiii
360 2502 468 2554 pereas,
484 2500 513 2538 ut
530 2487 654 2540 Palinurus
666 2520 673 2545 .
692 2489 777 2541 humo·

131 2557 164 2631 59
169 2580 181 2628 5
193 2563 277 2629 thue
293 2561 461 2613 cothurnatiun
477 2575 559 2613 ratem
576 2564 652 2611 tutela
666 2561 772 2619 Diana,

180 2680 184 2687 .
228 2634 355 2685 Dilanient
369 2634 468 2701 vigilum
484 2647 511 2683 te
528 2650 624 2700 quoque
640 2636 709 2685 turba
725 2650 821 2687 canum.

192 2708 243 2760 Aut
256 2715 284 2759 ut
296 2707 435 2758 Trinacrius
446 2740 455 2765 ,
472 2707 541 2758 salias
554 2708 624 2774 super
638 2724 680 2757 orn
699 2707 827 2774 Gigantis‚
887 2720 890 2727 ’

227 2780 330 2831 Plurima
344 2780 392 2845 qui
407 2780 513 2830 flammas
528 2781 618 2831 Sicanis
632 2779 708 2831 AEtna
724 2780 809 2830 vomit.

189 2854 361 2920 Diripiantque
372 2867 429 2903 tuos
444 2853 530 2905 insanis
547 2854 665 2921 unguibus
681 2864 746 2903 artus

128 2928 183 2984 600
229 2926 374 2997 Strymoniae
390 2940 499 2987 nattes,
519 2926 635 2996 Orpheos
650 2926 698 2979 effe
714 2938 784 2981 ratae·
