1975 3700
14 293 28 345 il

161 251 680 326 murannimal,
726 277 774 351 33

13 417 24 446 ἰ,
67 369 173 438 Binaque
189 391 251 424 nunc
262 376 352 440 pariter
364 375 477 442 Tegeaeae
488 375 553 424 ficta
566 378 661 440 parenti

107 445 152 496 Pro
164 448 245 511 pueris
256 447 308 497 fieri
318 450 499 516 virginibusque
512 448 608 514 jubent.

13 565 26 594 5¹
68 518 170 568 Scortea
184 537 234 569 non
244 521 278 571 illi
289 521 324 572 ias
336 521 369 571 est
383 523 475 571 inferre
488 521 595 579 sacello,

106 591 144 640 Ne
158 594 253 643 violent
265 611 339 659 puros
354 597 487 644 exanimata
503 595 583 646 focos.
786 595 839 661 630

13 705 36 740 rt
69 663 96 714 Si
111 665 162 730 quis
176 683 240 716 amas
254 668 313 716 ritus
327 680 441 727 veteres,
459 668 540 718 assiste
553 669 679 734 precanti;

106 739 208 788 Nomina
222 741 341 805 percipies
356 759 405 790 non
416 742 459 791 tibi
474 754 533 791 nota
547 740 622 807 priris.

13 861 26 892 Σ
71 807 178 859 Porrima
188 813 312 878 placantur
323 813 515 880 Postuertaque,
529 816 580 878 siue
592 815 686 866 sorores
697 849 705 875 ,

108 884 165 932 Sive
179 884 242 952 fuga
259 887 380 944 comites,
396 887 494 937 Menali
508 889 637 954 Nympha,
654 903 713 939 ωε.

13 1015 16 1022 Ι
73 951 176 1015 Altera,
191 958 255 1023 quod
267 975 340 1024 porro
354 961 451 1018 luerat,
470 960 578 1010 ceciniile
589 974 704 1025 putatur:
787 961 839 1028 635

13 1037 15 1042 '
109 1027 193 1078 Altera
203 1032 325 1080 versurum
336 1031 460 1097 postmodo
471 1033 583 1099 quicquid
593 1046 655 1083 erat.

14 1109 32 1169 ’ὦ
72 1099 184 1151 CAND
192 1103 202 1152 l
211 1104 266 1152 DA
280 1116 305 1153 te
316 1105 387 1154 niveo
398 1105 478 1171 posuit
488 1108 530 1155 lux
540 1108 647 1172 proxima
656 1109 749 1174 templo
759 1141 768 1165 ,
780 1105 787 1127 ”

109 1175 164 1239 Qui
175 1175 222 1226 fert
232 1177 344 1227 sublimes
353 1180 400 1227 alta
412 1178 516 1228 Moneta
527 1178 614 1246 gradus
629 1196 637 1230 ε

13 1313 15 1320 y
30 1303 35 1312 ‚
70 1249 142 1298 Nunc
152 1251 214 1298 bene
223 1250 355 1316 prospicies
367 1251 474 1310 Latiam,
492 1249 649 1311 Concordia,
663 1254 756 1303 turbam
769 1270 778 1311 ς

108 1323 179 1371 Nunc
193 1335 218 1372 te
231 1323 328 1372 sacrate
340 1323 463 1374 restitubre
478 1341 570 1374 manus.
790 1325 843 1387 640

71 1395 154 1446 Furius
168 1393 333 1464 (antiquum)
346 1398 429 1463 populi
442 1397 566 1462 superator
577 1398 689 1449 Hetrusci
782 1434 785 1439 -

108 1469 237 1528 Vovcrat,
259 1470 284 1519 bt
295 1471 346 1518 voti
359 1471 463 1520 solverat
473 1483 531 1520 ante
539 1469 620 1520 fidem.

73 1539 149 1591 Causa
161 1575 168 1600 ,
187 1543 252 1608 quod
262 1559 275 1590 a
287 1541 395 1593 Patribus
407 1543 487 1592 sumtis
497 1544 624 1594 secetlerat
638 1546 709 1594 armis

109 1614 203 1682 Vulgus
216 1632 224 1672 ς
244 1617 270 1666 &
280 1616 328 1682 ipsa
341 1617 393 1665 suas
402 1613 480 1664 Roma
490 1617 591 1667 timebat
601 1635 673 1683 opes.

75 1685 151 1737 Causa
166 1703 252 1737 recens
264 1689 368 1738 melior:
381 1689 458 1754 pallos
471 1689 600 1739 Germania
615 1692 694 1739 crines
795 1690 846 1758 ⁶4!

110 1759 213 1826 Porrigit
227 1761 354 1826 auspiciis,
373 1762 421 1810 dux
436 1763 592 1820 venerande,
608 1764 667 1812 tuis.

73 1830 135 1886 inde
150 1835 301 1900 triumphare
312 1833 386 1884 libasti
397 1852 496 1885 munera
511 1837 591 1903 gentis
603 1852 612 1895 ς

111 1907 260 1974 Templaque
271 1908 346 1957 fecisti
358 1943 365 1967 ,
385 1926 455 1975 quam
467 1911 527 1959 colis
540 1909 608 1975 ipse,
628 1910 701 1962 Deae.

73 1981 135 2033 Haec
146 1994 188 2030 tua
199 1980 320 2031 constituit
334 1982 446 2033 Genitrix
459 1984 483 2033 bt
495 1986 567 2049 rebus
579 1985 605 2034 bt
615 1983 673 2043 ati,

112 2054 168 2104 Sola
178 2066 235 2104 toro
249 2057 327 2121 magni
338 2055 408 2123 digna
419 2069 516 2122 reperta
527 2057 605 2107 lovis.
796 2055 811 2104 6
814 2072 847 2121 50

73 2126 155 2177 HAEC
168 2129 208 2176 ubi
220 2129 357 2178 transierint
369 2146 378 2187 ;
393 2128 564 2194 Capricorno,
582 2129 692 2187 Phoebe,
707 2129 812 2187 telisto,

113 2200 159 2250 Per
176 2199 270 2264 juvenis
283 2218 365 2251 curres
376 2203 443 2269 signa
455 2204 562 2269 gerentis
575 2220 668 2269 aquam.

75 2272 284 2325 SEPTIMUS
296 2274 455 2325 macloriens
468 2272 522 2323 cirin
532 2276 556 2324 se
568 2276 689 2325 demiserit
696 2276 765 2325 undis
776 2309 785 2334 ,

113 2347 224 2413 Fulgebit
237 2360 292 2396 toto
306 2346 354 2412 jam
365 2347 428 2415 Lyra
440 2350 504 2397 nulla
517 2351 587 2413 polo.

76 2420 144 2471 SID
153 2420 228 2469 ERE
243 2421 348 2477 abhoc,
367 2422 446 2489 ignis,
465 2422 573 2471 venienti
585 2421 674 2479 noue,
692 2421 781 2471 Leonis
801 2419 853 2486 655

116 2492 165 2555 Qui
176 2494 248 2542 micat
259 2494 283 2543 in
293 2496 373 2543 medio
385 2495 484 2559 pectore
496 2529 504 2553 ,
522 2496 612 2545 mersus
623 2496 680 2545 erit.

76 2564 157 2617 TER
171 2578 256 2634 quater
270 2568 352 2617 evolvi
366 2569 490 2635 signanter
503 2581 612 2633 tempora
623 2567 724 2624 Festos,

115 2640 169 2689 Nec
182 2640 313 2689 ‘sementiva
325 2640 358 2689 est
372 2642 421 2689 ulla
431 2653 528 2705 reperta
539 2641 608 2693 dies:

77 2711 142 2763 Clam
153 2714 228 2771 mihi,
244 2712 316 2762 sensit
328 2715 409 2771 enim,
426 2713 478 2763 Lux
493 2715 546 2763 hec
556 2715 689 2772 indicitur,
703 2715 780 2781 inquit

95 2788 97 2795 '
117 2786 187 2835 Musa
200 2802 207 2836 :
219 2786 276 2851 quid
291 2803 305 2833 a
317 2784 388 2835 Fallit
401 2803 450 2837 non
460 2786 518 2836 stata
532 2788 597 2837 sacra
607 2787 691 2854 petis?
708 2783 710 2788 ’
802 2785 856 2837 660

77 2859 166 2925 thue
182 2859 232 2909 dies
245 2859 339 2909 incerta
349 2860 435 2919 sacro,
454 2861 490 2910 sic
503 2873 614 2927 tempora
629 2875 716 2919 cetta3

117 2931 255 2985 Seminibus
268 2932 335 3009 jaftis
351 2934 440 2986 aliubi
455 2934 522 2988 ictus
533 2952 601 3005 ager.
697 3004 717 3055 B
740 2969 744 2976 ι

731 3022 747 3057 v
