1975 3700
201 172 830 291 58,P.0V11211N1sorrrs

203 314 281 365 Ardet
293 330 302 370 ς
320 313 344 364 δι
359 310 439 377 injusti
452 310 549 361 stimulis
564 310 668 379 agitatus
682 311 770 361 amoris

141 388 194 456 780
244 386 374 452 Comparar
391 387 489 452 indigno
503 386 600 450 vimque
617 385 749 451 dolumque
764 397 836 435 toro.

204 459 289 510 Exitus
303 461 327 508 in
343 461 415 508 dubio
432 459 474 508 ell.
487 458 636 508 Audebimus
652 459 755 516 ultima,
772 459 847 510 dixit.

241 533 358 590 Viderit,
375 531 493 581 audentes
510 531 602 582 Forsne
619 530 721 581 Deusue
737 530 825 597 juvet:

205 607 319 673 Cepimus
334 606 445 656 audendo
462 603 556 662 Gabios
572 620 679 670 quoque.
694 605 764 654 Talia
779 604 850 655 fatus

243 679 302 728 Ense
318 681 380 728 latus
398 677 492 745 cingit,
511 691 630 744 tergaque
647 677 735 743 pressit
751 678 818 744 equi·

142 753 193 819 785
208 751 305 818 Accipit
320 755 392 802 arati
406 751 520 816 juvenem
536 749 641 800 Collatia
657 753 748 815 porti,

244 825 359 885 Condere
374 825 421 891 jam
438 827 519 874 vultus
535 825 593 874 Sole
609 834 709 891 parante
724 824 790 874 suos.

205 898 306 956 Hostis,
324 912 351 950 ut
364 900 469 966 hospes,
487 899 531 948 init
546 897 678 963 penetralia
694 896 828 948 Collatina-

243 971 353 1022 Comiter
369 973 505 1039 excipitur:
520 970 632 1038 languine
646 968 741 1036 juntius
757 987 820 1020 erat.

207 1044 331 1110 Quantum
341 1047 424 1095 animis
435 1045 524 1093 erroris
535 1044 593 1094 inest
605 1044 611 1093 i
625 1057 693 1109 parat
704 1077 712 1104 ,
729 1043 802 1094 inscia
813 1061 925 1106 rerum,

145 1133 199 1186 790
249 1119 335 1174 infelix
351 1121 433 1190 epulas
450 1117 555 1166 hostibus
572 1118 612 1166 illa
629 1116 685 1168 suis.

206 1191 309 1242 Fundus
321 1205 372 1245 erat
384 1191 482 1258 dapibus
494 1206 502 1240 t
515 1189 616 1257 poscunt
628 1188 666 1239 sua
678 1205 786 1256 tempora
797 1190 895 1242 somni.

243 1265 301 1314 Nox
316 1277 387 1323 erat,
409 1263 434 1314 δι
450 1266 503 1314 toti
518 1264 604 1313 lumina
621 1264 686 1313 nulla
700 1265 783 1314 domo.

206 1337 308 1404 Surgit,
330 1338 355 1388 &
370 1352 477 1386 auratum
494 1338 581 1405 vagini
597 1339 683 1387 liberat
695 1337 796 1396 ensem3

245 1411 276 1460 Et
293 1411 361 1459 venit
376 1411 399 1459 in
414 1411 550 1467 thalamos,
568 1425 641 1477 nupta
657 1412 762 1476 pudica,
779 1423 847 1461 tuos.

144 1499 196 1552 795
208 1483 292 1550 thue
301 1495 382 1534 torum
391 1485 489 1550 pressit,
507 1485 619 1541 Ferrum,
633 1482 760 1554 Lucretia,
770 1501 868 1534 mecum
882 1484 930 1546 elt.

243 1557 340 1615 Natus,
359 1571 410 1615 att,
428 1557 511 1624 regis,
527 1556 720 1622 Tarquiniusque
736 1558 831 1623 loquor.

207 1631 252 1682 illa
268 1631 325 1680 nihil
339 1643 346 1682 t
359 1645 438 1698 neque
453 1631 517 1680 enim
532 1645 620 1678 vocem
636 1630 747 1696 viresque
762 1630 885 1696 loquendi
902 1664 916 1692 ,

244 1704 294 1754 Aut
309 1705 397 1772 aliquid
411 1715 466 1754 toto
481 1703 580 1770 petlore
596 1705 683 1751 mentis
697 1704 778 1752 habet.

207 1777 257 1828 Sed
269 1780 349 1827 tremit
361 1811 369 1836 ,
386 1790 412 1827 ut
423 1778 542 1844 quondam
553 1774 648 1826 stabulis
659 1775 774 1840 deprensa
784 1776 877 1826 relittis
889 1811 901 1837 ,

146 1849 198 1903 800
245 1849 320 1900 Parva
336 1852 376 1901 sub
393 1849 479 1901 infesto
494 1847 549 1900 edm
564 1848 628 1915 jacet
643 1867 704 1917 agna
719 1853 786 1919 lupo.

207 1922 275 1989 Quid
291 1922 384 1975 iaciat?
401 1923 513 1993 pugnet?
532 1924 642 1973 vincetur
656 1924 744 1973 femina
758 1924 852 1991 pugni.
973 1967 974 1992 ἶ

247 1996 365 2047 Clamet?
380 2011 405 2046 at
419 1998 443 2046 in
457 1998 562 2055 dextre,
579 1997 619 2063 qui
635 2009 726 2055 necet,
743 1999 807 2048 ensis
823 1996 912 2053 adest.
973 2019 974 2030 ¹

189 2064 191 2069 ¹
208 2068 334 2137 Effugiat?
353 2072 437 2137 positis
454 2062 555 2139 urgetur
571 2070 669 2135 pedlora
683 2071 786 2135 palmis,

244 2145 315 2194 Nunc
331 2142 431 2211 primum
448 2145 548 2193 externi
563 2144 660 2210 pellora
675 2144 737 2193 tatia
753 2161 833 2194 manu.

148 2212 284 2279 805Tnliat
298 2235 376 2267 amans
387 2216 458 2267 holiis
473 2218 605 2283 precibus,
620 2217 766 2283 pretioque,
784 2216 934 2284 minisque:

244 2291 297 2340 Nec
314 2306 405 2355 prece,
422 2307 468 2341 nec
484 2290 584 2356 pretio,
602 2307 648 2339 nec
663 2304 746 2340 movet
760 2292 801 2340 ille
817 2291 908 2342 minis.

207 2362 248 2413 Nil
262 2364 312 2430 agis
327 2384 333 2412 ε
346 2366 463 2429 eripiam,
483 2363 563 2421 dixit,
581 2381 625 2429 per
641 2363 738 2413 crimina
753 2364 851 2423 vitam,

244 2432 324 2486 Falsus
340 2436 451 2485 adulterii
466 2436 531 2487 tellis
546 2437 640 2487 adulter
655 2437 710 2486 erit.

208 2507 344 2559 interimam
362 2509 493 2567 famulum,
512 2524 566 2561 tum
582 2527 631 2575 quo
649 2509 766 2579 deprensa
780 2508 886 2565 fereris.

146 2580 198 2632 810
218 2614 223 2621 -
245 2580 377 2633 Succubuit
393 2582 461 2633 lamae
475 2584 537 2633 vitia
552 2584 634 2650 puella
650 2599 725 2635 metu.

182 2684 183 2687 =
209 2652 295 2719 Quid,
313 2652 406 2715 vidior,
423 2655 534 2725 gaudes?
550 2659 603 2709 haec
619 2672 643 2708 te
659 2657 759 2707 vitioria
772 2657 875 2724 perdet.

244 2726 299 2779 Heu
315 2730 322 2779 !
337 2742 428 2797 quanto
443 2732 523 2797 regnis
538 2748 586 2781 nox
602 2730 665 2781 stetit
680 2749 725 2781 una
741 2730 808 2781 tuis!
907 2730 912 2737 “

206 2798 306 2870 Jamque
322 2818 373 2855 erat
390 2818 443 2855 orta
457 2804 508 2852 dies
520 2820 527 2852 t
541 2806 616 2871 passis
631 2804 697 2855 sedet
712 2804 751 2854 illa
765 2802 860 2873 capillis
874 2820 889 2867 3

241 2874 277 2928 Ut
292 2878 356 2929 solet
370 2876 400 2928 ad
415 2878 465 2929 nati
480 2891 557 2929 mater
571 2878 634 2929 itura
648 2895 744 2947 rogum.
