<?xml version="1.0" encoding="UTF-8"?>
<!DOCTYPE html PUBLIC "-//W3C//DTD XHTML 1.0 Transitional//EN"
    "http://www.w3.org/TR/xhtml1/DTD/xhtml1-transitional.dtd">
<html xmlns="http://www.w3.org/1999/xhtml" xml:lang="en" lang="en">
 <head>
  <title>
</title>
<meta http-equiv="Content-Type" content="text/html;charset=utf-8" />
  <meta name='ocr-system' content='tesseract 3.04.00' />
  <meta name='ocr-capabilities' content='ocr_page ocr_carea ocr_par ocr_line ocrx_word'/>
</head>
<body>
  <div class='ocr_page' id='page_1' title='image "./povidiinasoniso00unkngoog_0296.png"; bbox 0 0 1975 3700; ppageno 0'>
   <div class='ocr_carea' id='block_1_1' title="bbox 196 190 861 302">
    <p class='ocr_par' dir='ltr' id='par_1_1' title="bbox 196 190 861 302">
     <span class='ocr_line' id='line_1_1' title="bbox 196 190 861 302; baseline 0.005 -25"><span class='ocrx_word' id='word_1_1' title='bbox 196 210 341 282; x_wconf 73' lang='lat' dir='ltr'>Enrsr.</span> <span class='ocrx_word' id='word_1_2' title='bbox 369 190 435 282; x_wconf 63' lang='lat' dir='ltr'>rx</span> <span class='ocrx_word' id='word_1_3' title='bbox 461 215 609 282; x_wconf 73' lang='lat' dir='ltr'>Porro</span> <span class='ocrx_word' id='word_1_4' title='bbox 635 210 675 281; x_wconf 91' lang='lat' dir='ltr'>L.</span> <span class='ocrx_word' id='word_1_5' title='bbox 701 210 758 280; x_wconf 83' lang='lat'>11.</span> <span class='ocrx_word' id='word_1_6' title='bbox 785 229 861 302; x_wconf 90' lang='lat'>299</span> 
     </span>
    </p>
   </div>
   <div class='ocr_carea' id='block_1_2' title="bbox 148 329 923 766">
    <p class='ocr_par' dir='ltr' id='par_1_2' title="bbox 148 329 836 470">
     <span class='ocr_line' id='line_1_2' title="bbox 148 329 836 396; baseline 0.003 -18"><span class='ocrx_word' id='word_1_7' title='bbox 148 329 201 394; x_wconf 84' lang='lat' dir='ltr'>Qui</span> <span class='ocrx_word' id='word_1_8' title='bbox 219 329 332 396; x_wconf 88' lang='lat' dir='ltr'>quoniam</span> <span class='ocrx_word' id='word_1_9' title='bbox 348 329 426 396; x_wconf 67' lang='lat' dir='ltr'>patrii</span> <span class='ocrx_word' id='word_1_10' title='bbox 438 341 493 381; x_wconf 88' lang='lat' dir='ltr'>toto</span> <span class='ocrx_word' id='word_1_11' title='bbox 508 329 586 380; x_wconf 89' lang='lat' dir='ltr'>sumus</span> <span class='ocrx_word' id='word_1_12' title='bbox 601 332 661 380; x_wconf 80' lang='lat' dir='ltr'>orbe</span> <span class='ocrx_word' id='word_1_13' title='bbox 676 330 785 391; x_wconf 80' lang='lat' dir='ltr'>remoti,</span> <span class='ocrx_word' id='word_1_14' title='bbox 833 348 836 353; x_wconf 60' lang='lat'><strong>⁴</strong></span> 
     </span>
     <span class='ocr_line' id='line_1_3' title="bbox 186 403 747 470; baseline 0.004 -19"><span class='ocrx_word' id='word_1_15' title='bbox 186 403 243 456; x_wconf 86' lang='lat' dir='ltr'>Nec</span> <span class='ocrx_word' id='word_1_16' title='bbox 262 403 320 452; x_wconf 81' lang='lat' dir='ltr'>licet</span> <span class='ocrx_word' id='word_1_17' title='bbox 336 416 394 453; x_wconf 87' lang='lat' dir='ltr'>ante</span> <span class='ocrx_word' id='word_1_18' title='bbox 407 403 471 470; x_wconf 84' lang='lat' dir='ltr'>ipsos</span> <span class='ocrx_word' id='word_1_19' title='bbox 488 404 640 470; x_wconf 85' lang='lat' dir='ltr'>procubuisse</span> <span class='ocrx_word' id='word_1_20' title='bbox 655 405 747 461; x_wconf 83' lang='lat' dir='ltr'>Deos;</span> 
     </span>
    </p>

    <p class='ocr_par' dir='ltr' id='par_1_3' title="bbox 149 475 923 618">
     <span class='ocr_line' id='line_1_4' title="bbox 149 475 923 544; baseline 0.004 -20"><span class='ocrx_word' id='word_1_21' title='bbox 149 475 223 540; x_wconf 85' lang='lat' dir='ltr'>Quos</span> <span class='ocrx_word' id='word_1_22' title='bbox 235 476 313 535; x_wconf 85' lang='lat' dir='ltr'>colis,</span> <span class='ocrx_word' id='word_1_23' title='bbox 330 477 360 526; x_wconf 89' lang='lat' dir='ltr'>ad</span> <span class='ocrx_word' id='word_1_24' title='bbox 370 477 476 544; x_wconf 84' lang='lat' dir='ltr'>Superos</span> <span class='ocrx_word' id='word_1_25' title='bbox 487 479 539 528; x_wconf 78' lang='lat' dir='ltr'>haec</span> <span class='ocrx_word' id='word_1_26' title='bbox 551 478 588 528; x_wconf 88' lang='lat' dir='ltr'>ser</span> <span class='ocrx_word' id='word_1_27' title='bbox 598 478 709 528; x_wconf 85' lang='lat' dir='ltr'>mandata</span> <span class='ocrx_word' id='word_1_28' title='bbox 720 476 831 528; x_wconf 76' lang='lat' dir='ltr'>sacerdos</span> <span class='ocrx_word' id='word_1_29' title='bbox 844 489 853 530; x_wconf 83' lang='lat' dir='ltr'>t</span> <span class='ocrx_word' id='word_1_30' title='bbox 875 489 923 540; x_wconf 86' lang='lat'>125</span> 
     </span>
     <span class='ocr_line' id='line_1_5' title="bbox 186 549 792 618; baseline 0.003 -21"><span class='ocrx_word' id='word_1_31' title='bbox 186 549 258 598; x_wconf 83' lang='lat' dir='ltr'>Adde</span> <span class='ocrx_word' id='word_1_32' title='bbox 273 549 314 599; x_wconf 90' lang='lat' dir='ltr'>sed</span> <span class='ocrx_word' id='word_1_33' title='bbox 332 551 358 602; x_wconf 77' lang='lat' dir='ltr'>dt</span> <span class='ocrx_word' id='word_1_34' title='bbox 372 551 480 618; x_wconf 84' lang='lat' dir='ltr'>proprias</span> <span class='ocrx_word' id='word_1_35' title='bbox 497 552 521 600; x_wconf 89' lang='lat' dir='ltr'>in</span> <span class='ocrx_word' id='word_1_36' title='bbox 537 568 590 602; x_wconf 80' lang='lat' dir='ltr'>mea</span> <span class='ocrx_word' id='word_1_37' title='bbox 604 554 680 602; x_wconf 85' lang='lat' dir='ltr'>verba</span> <span class='ocrx_word' id='word_1_38' title='bbox 695 567 792 616; x_wconf 83' lang='lat' dir='ltr'>preces.</span> 
     </span>
    </p>

    <p class='ocr_par' dir='ltr' id='par_1_4' title="bbox 148 621 817 766">
     <span class='ocr_line' id='line_1_6' title="bbox 148 621 817 690; baseline 0.004 -19"><span class='ocrx_word' id='word_1_39' title='bbox 148 621 191 672; x_wconf 89' lang='lat' dir='ltr'>Sic</span> <span class='ocrx_word' id='word_1_40' title='bbox 208 633 291 671; x_wconf 86' lang='lat' dir='ltr'>tamen</span> <span class='ocrx_word' id='word_1_41' title='bbox 308 623 360 674; x_wconf 82' lang='lat' dir='ltr'>haec</span> <span class='ocrx_word' id='word_1_42' title='bbox 376 635 465 682; x_wconf 85' lang='lat' dir='ltr'>tenta,</span> <span class='ocrx_word' id='word_1_43' title='bbox 484 625 570 674; x_wconf 87' lang='lat' dir='ltr'>sinon</span> <span class='ocrx_word' id='word_1_44' title='bbox 584 626 694 676; x_wconf 86' lang='lat' dir='ltr'>nocitura</span> <span class='ocrx_word' id='word_1_45' title='bbox 711 624 817 690; x_wconf 78' lang='lat' dir='ltr'>putabis.</span> 
     </span>
     <span class='ocr_line' id='line_1_7' title="bbox 187 694 753 766; baseline 0 -20"><span class='ocrx_word' id='word_1_46' title='bbox 187 694 320 762; x_wconf 79' lang='lat' dir='ltr'>Ignoscas.</span> <span class='ocrx_word' id='word_1_47' title='bbox 331 697 408 748; x_wconf 81' lang='lat' dir='ltr'>timeo</span> <span class='ocrx_word' id='word_1_48' title='bbox 413 697 553 766; x_wconf 80' lang='lat' dir='ltr'>naufragus</span> <span class='ocrx_word' id='word_1_49' title='bbox 568 716 641 750; x_wconf 83' lang='lat' dir='ltr'>omne</span> <span class='ocrx_word' id='word_1_50' title='bbox 654 701 753 750; x_wconf 83' lang='lat' dir='ltr'>scetum.</span> 
     </span>
    </p>
   </div>
   <div class='ocr_carea' id='block_1_3' title="bbox 195 801 861 1107">
    <p class='ocr_par' dir='ltr' id='par_1_5' title="bbox 195 801 861 1107">
     <span class='ocr_line' id='line_1_8' title="bbox 195 801 861 898; baseline 0.002 -34.028"><span class='ocrx_word' id='word_1_51' title='bbox 195 801 861 898; x_wconf 49' lang='lat' dir='ltr'>sm=3ffl===ssv</span> 
     </span>
     <span class='ocr_line' id='line_1_9' title="bbox 294 921 809 988; baseline 0.002 -3"><span class='ocrx_word' id='word_1_52' title='bbox 294 921 640 988; x_wconf 82' lang='lat' dir='ltr'><strong>EPISTOLA</strong></span> <span class='ocrx_word' id='word_1_53' title='bbox 692 923 809 986; x_wconf 76' lang='lat' dir='ltr'>tlt</span> 
     </span>
     <span class='ocr_line' id='line_1_10' title="bbox 381 1045 675 1107; baseline 0.011 -3"><span class='ocrx_word' id='word_1_54' title='bbox 381 1045 675 1107; x_wconf 86' lang='lat' dir='ltr'><em>MAXIMO.</em></span> 
     </span>
    </p>
   </div>
   <div class='ocr_carea' id='block_1_4' title="bbox 153 1137 903 1270">
    <p class='ocr_par' dir='ltr' id='par_1_6' title="bbox 153 1137 903 1270">
     <span class='ocr_line' id='line_1_11' title="bbox 153 1137 903 1270; baseline 0.001 -18"><span class='ocrx_word' id='word_1_55' title='bbox 153 1137 345 1257; x_wconf 70' lang='lat' dir='ltr'>Maxim</span> <span class='ocrx_word' id='word_1_56' title='bbox 356 1213 392 1262; x_wconf 73' lang='grc' dir='ltr'>Ε,</span> <span class='ocrx_word' id='word_1_57' title='bbox 410 1201 451 1269; x_wconf 86' lang='lat' dir='ltr'>qui</span> <span class='ocrx_word' id='word_1_58' title='bbox 467 1201 536 1252; x_wconf 86' lang='lat' dir='ltr'>claris</span> <span class='ocrx_word' id='word_1_59' title='bbox 553 1219 642 1254; x_wconf 86' lang='lat' dir='ltr'>nomen</span> <span class='ocrx_word' id='word_1_60' title='bbox 659 1201 787 1254; x_wconf 82' lang='lat' dir='ltr'>virtutibus</span> <span class='ocrx_word' id='word_1_61' title='bbox 803 1218 903 1270; x_wconf 70' lang='lat' dir='ltr'>aquas,</span> 
     </span>
    </p>
   </div>
   <div class='ocr_carea' id='block_1_5' title="bbox 85 1276 920 2956">
    <p class='ocr_par' dir='ltr' id='par_1_7' title="bbox 85 1276 920 2956">
     <span class='ocr_line' id='line_1_12' title="bbox 190 1276 713 1359; baseline -0.004 -33"><span class='ocrx_word' id='word_1_62' title='bbox 190 1279 244 1326; x_wconf 88' lang='lat' dir='ltr'>Nec</span> <span class='ocrx_word' id='word_1_63' title='bbox 260 1277 317 1326; x_wconf 80' lang='lat' dir='ltr'>sinis</span> <span class='ocrx_word' id='word_1_64' title='bbox 333 1277 454 1359; x_wconf 83' lang='lat' dir='ltr'>ingenium</span> <span class='ocrx_word' id='word_1_65' title='bbox 472 1277 598 1326; x_wconf 88' lang='lat' dir='ltr'>nobilitate</span> <span class='ocrx_word' id='word_1_66' title='bbox 615 1276 713 1342; x_wconf 86' lang='lat' dir='ltr'>premi·</span> 
     </span>
     <span class='ocr_line' id='line_1_13' title="bbox 154 1330 872 1416; baseline -0.001 -17"><span class='ocrx_word' id='word_1_67' title='bbox 154 1349 236 1410; x_wconf 88' lang='lat' dir='ltr'>Culte</span> <span class='ocrx_word' id='word_1_68' title='bbox 245 1330 319 1408; x_wconf 82' lang='lat' dir='ltr'>mihi,</span> <span class='ocrx_word' id='word_1_69' title='bbox 340 1350 396 1416; x_wconf 89' lang='lat' dir='ltr'>quid</span> <span class='ocrx_word' id='word_1_70' title='bbox 413 1351 476 1398; x_wconf 87' lang='lat' dir='ltr'>enim</span> <span class='ocrx_word' id='word_1_71' title='bbox 493 1348 565 1400; x_wconf 80' lang='lat' dir='ltr'>status</span> <span class='ocrx_word' id='word_1_72' title='bbox 582 1348 621 1398; x_wconf 89' lang='lat' dir='ltr'>hic</span> <span class='ocrx_word' id='word_1_73' title='bbox 638 1366 652 1396; x_wconf 92' lang='lat' dir='ltr'>a</span> <span class='ocrx_word' id='word_1_74' title='bbox 669 1349 755 1400; x_wconf 81' lang='lat' dir='ltr'>sunere</span> <span class='ocrx_word' id='word_1_75' title='bbox 771 1346 872 1398; x_wconf 72' lang='lat' dir='ltr'>differt?</span> 
     </span>
     <span class='ocr_line' id='line_1_14' title="bbox 192 1423 743 1489; baseline -0.004 -17"><span class='ocrx_word' id='word_1_76' title='bbox 192 1423 334 1487; x_wconf 84' lang='lat' dir='ltr'>Supremum</span> <span class='ocrx_word' id='word_1_77' title='bbox 350 1423 408 1472; x_wconf 78' lang='lat' dir='ltr'>vitae</span> <span class='ocrx_word' id='word_1_78' title='bbox 425 1435 521 1489; x_wconf 88' lang='lat' dir='ltr'>tempus</span> <span class='ocrx_word' id='word_1_79' title='bbox 537 1423 645 1489; x_wconf 85' lang='lat' dir='ltr'>adusque</span> <span class='ocrx_word' id='word_1_80' title='bbox 661 1436 743 1472; x_wconf 71' lang='lat' dir='ltr'>mete:</span> 
     </span>
     <span class='ocr_line' id='line_1_15' title="bbox 153 1487 889 1558; baseline -0.003 -12"><span class='ocrx_word' id='word_1_81' title='bbox 153 1487 216 1546; x_wconf 76' lang='lat' dir='ltr'>Rem</span> <span class='ocrx_word' id='word_1_82' title='bbox 232 1495 310 1554; x_wconf 84' lang='lat' dir='ltr'>sacis,</span> <span class='ocrx_word' id='word_1_83' title='bbox 328 1495 439 1544; x_wconf 75' lang='lat' dir='ltr'>afflittum</span> <span class='ocrx_word' id='word_1_84' title='bbox 456 1513 507 1546; x_wconf 89' lang='lat' dir='ltr'>non</span> <span class='ocrx_word' id='word_1_85' title='bbox 521 1496 644 1544; x_wconf 84' lang='lat' dir='ltr'>aversatus</span> <span class='ocrx_word' id='word_1_86' title='bbox 660 1495 788 1556; x_wconf 79' lang='lat' dir='ltr'>amicum,</span> <span class='ocrx_word' id='word_1_87' title='bbox 876 1508 889 1558; x_wconf 83' lang='lat'>5</span> 
     </span>
     <span class='ocr_line' id='line_1_16' title="bbox 193 1567 656 1632; baseline -0.002 -14"><span class='ocrx_word' id='word_1_88' title='bbox 193 1568 249 1632; x_wconf 86' lang='lat' dir='ltr'>Qua</span> <span class='ocrx_word' id='word_1_89' title='bbox 263 1587 312 1620; x_wconf 87' lang='lat' dir='ltr'>non</span> <span class='ocrx_word' id='word_1_90' title='bbox 327 1567 360 1617; x_wconf 87' lang='lat' dir='ltr'>est</span> <span class='ocrx_word' id='word_1_91' title='bbox 376 1585 429 1618; x_wconf 86' lang='lat' dir='ltr'>aevo</span> <span class='ocrx_word' id='word_1_92' title='bbox 446 1570 523 1621; x_wconf 84' lang='lat' dir='ltr'>rarior</span> <span class='ocrx_word' id='word_1_93' title='bbox 539 1569 588 1618; x_wconf 82' lang='lat' dir='ltr'>ulla</span> <span class='ocrx_word' id='word_1_94' title='bbox 602 1582 656 1621; x_wconf 86' lang='lat' dir='ltr'>tuo.</span> 
     </span>
     <span class='ocr_line' id='line_1_17' title="bbox 155 1639 873 1709; baseline -0.003 -17"><span class='ocrx_word' id='word_1_95' title='bbox 155 1643 241 1708; x_wconf 76' lang='lat' dir='ltr'>Turpe</span> <span class='ocrx_word' id='word_1_96' title='bbox 258 1642 355 1709; x_wconf 87' lang='lat' dir='ltr'>quidem</span> <span class='ocrx_word' id='word_1_97' title='bbox 372 1642 454 1702; x_wconf 78' lang='lat' dir='ltr'>diuo,</span> <span class='ocrx_word' id='word_1_98' title='bbox 473 1641 570 1702; x_wconf 74' lang='lat' dir='ltr'>sed,</span> <span class='ocrx_word' id='word_1_99' title='bbox 551 1659 572 1692; x_wconf 89' lang='lat' dir='ltr'>sr</span> <span class='ocrx_word' id='word_1_100' title='bbox 586 1640 659 1691; x_wconf 86' lang='lat' dir='ltr'>modd</span> <span class='ocrx_word' id='word_1_101' title='bbox 675 1656 735 1690; x_wconf 82' lang='lat' dir='ltr'>vera</span> <span class='ocrx_word' id='word_1_102' title='bbox 750 1639 873 1704; x_wconf 65' lang='lat' dir='ltr'>fatemur,</span> 
     </span>
     <span class='ocr_line' id='line_1_18' title="bbox 192 1715 660 1783; baseline 0.002 -19"><span class='ocrx_word' id='word_1_103' title='bbox 192 1716 289 1783; x_wconf 83' lang='lat' dir='ltr'><strong>Vulgus</strong></span> <span class='ocrx_word' id='word_1_104' title='bbox 306 1715 420 1766; x_wconf 79' lang='lat' dir='ltr'>amicitias</span> <span class='ocrx_word' id='word_1_105' title='bbox 439 1715 544 1766; x_wconf 86' lang='lat' dir='ltr'>utilitate</span> <span class='ocrx_word' id='word_1_106' title='bbox 562 1716 660 1780; x_wconf 86' lang='lat' dir='ltr'>probat.</span> 
     </span>
     <span class='ocr_line' id='line_1_19' title="bbox 158 1784 907 1855; baseline -0.004 -19"><span class='ocrx_word' id='word_1_107' title='bbox 158 1787 235 1846; x_wconf 85' lang='lat' dir='ltr'>Cura,</span> <span class='ocrx_word' id='word_1_108' title='bbox 247 1789 302 1855; x_wconf 89' lang='lat' dir='ltr'>quid</span> <span class='ocrx_word' id='word_1_109' title='bbox 315 1789 438 1855; x_wconf 79' lang='lat' dir='ltr'>expediat,</span> <span class='ocrx_word' id='word_1_110' title='bbox 448 1789 515 1855; x_wconf 82' lang='lat' dir='ltr'>prior</span> <span class='ocrx_word' id='word_1_111' title='bbox 525 1788 567 1847; x_wconf 83' lang='lat' dir='ltr'>est,</span> <span class='ocrx_word' id='word_1_112' title='bbox 576 1791 645 1855; x_wconf 72' lang='lat' dir='ltr'>quim</span> <span class='ocrx_word' id='word_1_113' title='bbox 654 1785 712 1854; x_wconf 86' lang='lat' dir='ltr'>quid</span> <span class='ocrx_word' id='word_1_114' title='bbox 722 1785 754 1836; x_wconf 86' lang='lat' dir='ltr'>sit</span> <span class='ocrx_word' id='word_1_115' title='bbox 763 1784 907 1840; x_wconf 70' lang='lat' dir='ltr'>honestum:</span> 
     </span>
     <span class='ocr_line' id='line_1_20' title="bbox 193 1859 914 1928; baseline -0.006 -17"><span class='ocrx_word' id='word_1_116' title='bbox 193 1862 294 1913; x_wconf 84' lang='lat' dir='ltr'>Etcum</span> <span class='ocrx_word' id='word_1_117' title='bbox 311 1862 420 1913; x_wconf 64' lang='lat' dir='ltr'>fortuni</span> <span class='ocrx_word' id='word_1_118' title='bbox 435 1863 526 1928; x_wconf 77' lang='lat' dir='ltr'>statque</span> <span class='ocrx_word' id='word_1_119' title='bbox 543 1863 655 1928; x_wconf 83' lang='lat' dir='ltr'>caditque</span> <span class='ocrx_word' id='word_1_120' title='bbox 673 1859 744 1926; x_wconf 75' lang='lat' dir='ltr'>sides.</span> <span class='ocrx_word' id='word_1_121' title='bbox 882 1874 914 1907; x_wconf 87' lang='grc' dir='ltr'>ιο</span> 
     </span>
     <span class='ocr_line' id='line_1_21' title="bbox 156 1936 787 1993; baseline -0.005 -7"><span class='ocrx_word' id='word_1_122' title='bbox 156 1936 211 1987; x_wconf 90' lang='lat' dir='ltr'>Nec</span> <span class='ocrx_word' id='word_1_123' title='bbox 227 1936 298 1985; x_wconf 83' lang='lat' dir='ltr'>facile</span> <span class='ocrx_word' id='word_1_124' title='bbox 316 1936 424 1985; x_wconf 80' lang='lat' dir='ltr'>invenias</span> <span class='ocrx_word' id='word_1_125' title='bbox 434 1936 524 1986; x_wconf 69' lang='lat' dir='ltr'>vmultis</span> <span class='ocrx_word' id='word_1_126' title='bbox 541 1952 555 1985; x_wconf 90' lang='lat' dir='ltr'>e</span> <span class='ocrx_word' id='word_1_127' title='bbox 572 1936 677 1985; x_wconf 82' lang='lat' dir='ltr'>millibus</span> <span class='ocrx_word' id='word_1_128' title='bbox 693 1948 767 1983; x_wconf 81' lang='lat' dir='ltr'>unum</span> <span class='ocrx_word' id='word_1_129' title='bbox 776 1964 787 1993; x_wconf 82' lang='lat'>‚</span> 
     </span>
     <span class='ocr_line' id='line_1_22' title="bbox 193 2006 705 2076; baseline -0.006 -16"><span class='ocrx_word' id='word_1_130' title='bbox 193 2010 318 2060; x_wconf 83' lang='lat' dir='ltr'>Virtutem</span> <span class='ocrx_word' id='word_1_131' title='bbox 334 2008 438 2074; x_wconf 85' lang='lat' dir='ltr'>pretium</span> <span class='ocrx_word' id='word_1_132' title='bbox 454 2010 496 2076; x_wconf 89' lang='lat' dir='ltr'>qui</span> <span class='ocrx_word' id='word_1_133' title='bbox 511 2022 582 2075; x_wconf 82' lang='lat' dir='ltr'>putet</span> <span class='ocrx_word' id='word_1_134' title='bbox 598 2007 645 2058; x_wconf 82' lang='lat' dir='ltr'>effe</span> <span class='ocrx_word' id='word_1_135' title='bbox 658 2006 705 2071; x_wconf 82' lang='lat' dir='ltr'>sui.</span> 
     </span>
     <span class='ocr_line' id='line_1_23' title="bbox 162 2081 738 2149; baseline -0.005 -16"><span class='ocrx_word' id='word_1_136' title='bbox 162 2081 216 2149; x_wconf 87' lang='lat' dir='ltr'>lpse</span> <span class='ocrx_word' id='word_1_137' title='bbox 234 2082 308 2133; x_wconf 86' lang='lat' dir='ltr'>decor</span> <span class='ocrx_word' id='word_1_138' title='bbox 325 2082 402 2140; x_wconf 77' lang='lat' dir='ltr'>retu,</span> <span class='ocrx_word' id='word_1_139' title='bbox 418 2082 473 2131; x_wconf 71' lang='lat' dir='ltr'>satii</span> <span class='ocrx_word' id='word_1_140' title='bbox 490 2083 511 2132; x_wconf 86' lang='lat' dir='ltr'>si</span> <span class='ocrx_word' id='word_1_141' title='bbox 527 2083 625 2148; x_wconf 87' lang='lat' dir='ltr'>praemia</span> <span class='ocrx_word' id='word_1_142' title='bbox 640 2081 738 2139; x_wconf 83' lang='lat' dir='ltr'>desint,</span> 
     </span>
     <span class='ocr_line' id='line_1_24' title="bbox 194 2152 906 2222; baseline -0.007 -17"><span class='ocrx_word' id='word_1_143' title='bbox 194 2156 251 2205; x_wconf 89' lang='lat' dir='ltr'>Non</span> <span class='ocrx_word' id='word_1_144' title='bbox 268 2168 371 2219; x_wconf 83' lang='lat' dir='ltr'>movet,</span> <span class='ocrx_word' id='word_1_145' title='bbox 391 2155 417 2205; x_wconf 72' lang='grc' dir='ltr'>δι</span> <span class='ocrx_word' id='word_1_146' title='bbox 434 2157 508 2222; x_wconf 85' lang='lat' dir='ltr'>gratis</span> <span class='ocrx_word' id='word_1_147' title='bbox 525 2156 629 2221; x_wconf 83' lang='lat' dir='ltr'>poenitet</span> <span class='ocrx_word' id='word_1_148' title='bbox 645 2153 692 2205; x_wconf 73' lang='lat' dir='ltr'>esse</span> <span class='ocrx_word' id='word_1_149' title='bbox 707 2152 820 2219; x_wconf 87' lang='lat' dir='ltr'>probum.</span> <span class='ocrx_word' id='word_1_150' title='bbox 902 2200 906 2208; x_wconf 81' lang='grc'>,</span> 
     </span>
     <span class='ocr_line' id='line_1_25' title="bbox 158 2222 914 2295; baseline -0.008 -16"><span class='ocrx_word' id='word_1_151' title='bbox 158 2230 216 2283; x_wconf 80' lang='lat' dir='ltr'>Nil.</span> <span class='ocrx_word' id='word_1_152' title='bbox 228 2228 273 2279; x_wconf 86' lang='lat' dir='ltr'>nisi</span> <span class='ocrx_word' id='word_1_153' title='bbox 284 2229 349 2295; x_wconf 90' lang='lat' dir='ltr'>quod</span> <span class='ocrx_word' id='word_1_154' title='bbox 359 2228 472 2293; x_wconf 84' lang='lat' dir='ltr'>prodest,</span> <span class='ocrx_word' id='word_1_155' title='bbox 484 2245 565 2292; x_wconf 80' lang='lat' dir='ltr'>carum</span> <span class='ocrx_word' id='word_1_156' title='bbox 576 2228 610 2278; x_wconf 78' lang='lat' dir='ltr'>esi</span> <span class='ocrx_word' id='word_1_157' title='bbox 621 2244 629 2278; x_wconf 84' lang='lat' dir='ltr'>t</span> <span class='ocrx_word' id='word_1_158' title='bbox 641 2226 665 2285; x_wconf 84' lang='lat' dir='ltr'>i,</span> <span class='ocrx_word' id='word_1_159' title='bbox 676 2226 777 2277; x_wconf 83' lang='lat' dir='ltr'>detrahe</span> <span class='ocrx_word' id='word_1_160' title='bbox 785 2222 863 2274; x_wconf 86' lang='lat' dir='ltr'>menti</span> <span class='ocrx_word' id='word_1_161' title='bbox 884 2236 914 2286; x_wconf 85' lang='lat'>15</span> 
     </span>
     <span class='ocr_line' id='line_1_26' title="bbox 195 2298 790 2367; baseline -0.002 -17"><span class='ocrx_word' id='word_1_162' title='bbox 195 2301 268 2367; x_wconf 84' lang='lat' dir='ltr'>Spem</span> <span class='ocrx_word' id='word_1_163' title='bbox 286 2302 372 2357; x_wconf 72' lang='lat' dir='ltr'>studius</span> <span class='ocrx_word' id='word_1_164' title='bbox 389 2302 486 2360; x_wconf 69' lang='lat' dir='ltr'>avidae,</span> <span class='ocrx_word' id='word_1_165' title='bbox 506 2318 579 2351; x_wconf 88' lang='lat' dir='ltr'>nemo</span> <span class='ocrx_word' id='word_1_166' title='bbox 596 2300 716 2367; x_wconf 73' lang='lat' dir='ltr'>petendus</span> <span class='ocrx_word' id='word_1_167' title='bbox 733 2298 790 2349; x_wconf 82' lang='lat' dir='ltr'>erit.</span> 
     </span>
     <span class='ocr_line' id='line_1_27' title="bbox 85 2368 876 2441; baseline -0.005 -15"><span class='ocrx_word' id='word_1_168' title='bbox 85 2430 89 2435; x_wconf 64' lang='grc'><strong><em>,</em></strong></span> <span class='ocrx_word' id='word_1_169' title='bbox 160 2374 194 2425; x_wconf 75' lang='lat' dir='ltr'>At</span> <span class='ocrx_word' id='word_1_170' title='bbox 209 2376 301 2441; x_wconf 79' lang='lat' dir='ltr'>reditus</span> <span class='ocrx_word' id='word_1_171' title='bbox 316 2374 363 2439; x_wconf 79' lang='lat' dir='ltr'>jam</span> <span class='ocrx_word' id='word_1_172' title='bbox 382 2375 482 2441; x_wconf 88' lang='lat' dir='ltr'>quisque</span> <span class='ocrx_word' id='word_1_173' title='bbox 501 2374 556 2425; x_wconf 91' lang='lat' dir='ltr'>suos</span> <span class='ocrx_word' id='word_1_174' title='bbox 572 2387 653 2432; x_wconf 87' lang='lat' dir='ltr'>amat,</span> <span class='ocrx_word' id='word_1_175' title='bbox 674 2373 701 2425; x_wconf 78' lang='lat' dir='ltr'>dt</span> <span class='ocrx_word' id='word_1_176' title='bbox 714 2372 761 2422; x_wconf 82' lang='lat' dir='ltr'>sibi</span> <span class='ocrx_word' id='word_1_177' title='bbox 774 2370 830 2438; x_wconf 84' lang='lat' dir='ltr'>quid</span> <span class='ocrx_word' id='word_1_178' title='bbox 843 2368 876 2422; x_wconf 80' lang='lat' dir='ltr'>sit</span> 
     </span>
     <span class='ocr_line' id='line_1_28' title="bbox 197 2447 743 2515; baseline 0.004 -17"><span class='ocrx_word' id='word_1_179' title='bbox 197 2449 287 2509; x_wconf 83' lang='lat' dir='ltr'>Utile,</span> <span class='ocrx_word' id='word_1_180' title='bbox 311 2447 409 2500; x_wconf 81' lang='lat' dir='ltr'>solicitis</span> <span class='ocrx_word' id='word_1_181' title='bbox 427 2447 541 2515; x_wconf 89' lang='lat' dir='ltr'>supputat</span> <span class='ocrx_word' id='word_1_182' title='bbox 556 2447 673 2498; x_wconf 85' lang='lat' dir='ltr'>articulis.</span> <span class='ocrx_word' id='word_1_183' title='bbox 741 2493 743 2500; x_wconf 89' lang='grc'><em>,</em></span> 
     </span>
     <span class='ocr_line' id='line_1_29' title="bbox 160 2500 760 2585; baseline -0.003 -14"><span class='ocrx_word' id='word_1_184' title='bbox 160 2521 188 2571; x_wconf 80' lang='lat' dir='ltr'>lli</span> <span class='ocrx_word' id='word_1_185' title='bbox 193 2521 223 2571; x_wconf 91' lang='lat' dir='ltr'>ud</span> <span class='ocrx_word' id='word_1_186' title='bbox 241 2520 362 2571; x_wconf 69' lang='lat' dir='ltr'>Amicitia</span> <span class='ocrx_word' id='word_1_187' title='bbox 369 2500 503 2585; x_wconf 49' lang='lat' dir='ltr'>*ondam</span> <span class='ocrx_word' id='word_1_188' title='bbox 516 2521 655 2571; x_wconf 84' lang='lat' dir='ltr'>venerabile</span> <span class='ocrx_word' id='word_1_189' title='bbox 671 2535 760 2569; x_wconf 88' lang='lat' dir='ltr'>numen</span> 
     </span>
     <span class='ocr_line' id='line_1_30' title="bbox 197 2592 920 2661; baseline -0.007 -18"><span class='ocrx_word' id='word_1_190' title='bbox 197 2592 311 2651; x_wconf 77' lang='lat' dir='ltr'>Prodat,</span> <span class='ocrx_word' id='word_1_191' title='bbox 332 2594 381 2645; x_wconf 77' lang='lat' dir='ltr'>dt</span> <span class='ocrx_word' id='word_1_192' title='bbox 375 2611 398 2643; x_wconf 90' lang='lat' dir='ltr'>m</span> <span class='ocrx_word' id='word_1_193' title='bbox 412 2594 500 2661; x_wconf 84' lang='lat' dir='ltr'>quaestu</span> <span class='ocrx_word' id='word_1_194' title='bbox 515 2611 561 2661; x_wconf 81' lang='lat' dir='ltr'>pro</span> <span class='ocrx_word' id='word_1_195' title='bbox 579 2593 708 2645; x_wconf 84' lang='lat' dir='ltr'>meretrice</span> <span class='ocrx_word' id='word_1_196' title='bbox 725 2592 804 2642; x_wconf 85' lang='lat' dir='ltr'>sedet.</span> <span class='ocrx_word' id='word_1_197' title='bbox 885 2603 920 2639; x_wconf 84' lang='lat'>20</span> 
     </span>
     <span class='ocr_line' id='line_1_31' title="bbox 161 2660 856 2733; baseline -0.009 -16"><span class='ocrx_word' id='word_1_198' title='bbox 161 2666 223 2731; x_wconf 82' lang='lat' dir='ltr'>Quo</span> <span class='ocrx_word' id='word_1_199' title='bbox 241 2668 315 2733; x_wconf 84' lang='lat' dir='ltr'>magis</span> <span class='ocrx_word' id='word_1_200' title='bbox 331 2667 455 2726; x_wconf 88' lang='lat' dir='ltr'>admiror,</span> <span class='ocrx_word' id='word_1_201' title='bbox 473 2684 541 2726; x_wconf 88' lang='lat' dir='ltr'>non,</span> <span class='ocrx_word' id='word_1_202' title='bbox 558 2680 585 2717; x_wconf 89' lang='lat' dir='ltr'>ut</span> <span class='ocrx_word' id='word_1_203' title='bbox 600 2666 750 2733; x_wconf 79' lang='lat' dir='ltr'>torrentibus</span> <span class='ocrx_word' id='word_1_204' title='bbox 766 2660 856 2721; x_wconf 84' lang='lat' dir='ltr'>undis,</span> 
     </span>
     <span class='ocr_line' id='line_1_32' title="bbox 201 2739 782 2823; baseline -0.005 -32"><span class='ocrx_word' id='word_1_205' title='bbox 201 2740 342 2803; x_wconf 82' lang='lat' dir='ltr'>Communis</span> <span class='ocrx_word' id='word_1_206' title='bbox 359 2740 421 2789; x_wconf 86' lang='lat' dir='ltr'>vitii</span> <span class='ocrx_word' id='word_1_207' title='bbox 431 2753 457 2791; x_wconf 87' lang='lat' dir='ltr'>te</span> <span class='ocrx_word' id='word_1_208' title='bbox 473 2758 570 2823; x_wconf 75' lang='lat' dir='ltr'>quoque</span> <span class='ocrx_word' id='word_1_209' title='bbox 586 2741 640 2791; x_wconf 84' lang='lat' dir='ltr'>labe</span> <span class='ocrx_word' id='word_1_210' title='bbox 652 2739 731 2792; x_wconf 82' lang='lat' dir='ltr'>trahi.</span> <span class='ocrx_word' id='word_1_211' title='bbox 772 2793 782 2804; x_wconf 52' lang='lat'><em>‚</em></span> 
     </span>
     <span class='ocr_line' id='line_1_33' title="bbox 161 2808 814 2881; baseline -0.005 -18"><span class='ocrx_word' id='word_1_212' title='bbox 161 2812 282 2881; x_wconf 80' lang='lat' dir='ltr'>Diligitur</span> <span class='ocrx_word' id='word_1_213' title='bbox 297 2831 388 2872; x_wconf 85' lang='lat' dir='ltr'>nemo,</span> <span class='ocrx_word' id='word_1_214' title='bbox 405 2814 450 2863; x_wconf 90' lang='lat' dir='ltr'>nisi</span> <span class='ocrx_word' id='word_1_215' title='bbox 466 2814 514 2879; x_wconf 76' lang='lat' dir='ltr'>cui</span> <span class='ocrx_word' id='word_1_216' title='bbox 523 2814 627 2874; x_wconf 78' lang='lat' dir='ltr'>Fortuna</span> <span class='ocrx_word' id='word_1_217' title='bbox 643 2811 747 2878; x_wconf 83' lang='lat' dir='ltr'>secunda</span> <span class='ocrx_word' id='word_1_218' title='bbox 764 2808 814 2860; x_wconf 69' lang='lat' dir='ltr'>eut</span> 
     </span>
     <span class='ocr_line' id='line_1_34' title="bbox 203 2884 912 2956; baseline -0.011 -15"><span class='ocrx_word' id='word_1_219' title='bbox 203 2886 285 2955; x_wconf 73' lang='lat' dir='ltr'>Quis,</span> <span class='ocrx_word' id='word_1_220' title='bbox 303 2887 393 2953; x_wconf 74' lang='lat' dir='ltr'>simui</span> <span class='ocrx_word' id='word_1_221' title='bbox 386 2888 513 2954; x_wconf 64' lang='lat' dir='ltr'>monuo,</span> <span class='ocrx_word' id='word_1_222' title='bbox 528 2888 638 2956; x_wconf 78' lang='lat' dir='ltr'>proxima</span> <span class='ocrx_word' id='word_1_223' title='bbox 653 2901 754 2956; x_wconf 71' lang='lat' dir='ltr'>quaeque</span> <span class='ocrx_word' id='word_1_224' title='bbox 770 2884 847 2951; x_wconf 81' lang='lat' dir='ltr'>sugat</span> <span class='ocrx_word' id='word_1_225' title='bbox 904 2937 912 2953; x_wconf 33' lang='grc' dir='ltr'><em>ὁ</em></span> 
     </span>
    </p>
   </div>
   <div class='ocr_carea' id='block_1_6' title="bbox 776 2954 838 3024">
    <p class='ocr_par' dir='ltr' id='par_1_8' title="bbox 776 2954 838 3024">
     <span class='ocr_line' id='line_1_35' title="bbox 776 2954 838 3024; baseline -0.032 -18"><span class='ocrx_word' id='word_1_226' title='bbox 776 2954 838 3024; x_wconf 81' lang='lat' dir='ltr'><strong>ij</strong></span> 
     </span>
    </p>
   </div>
   <div class='ocr_carea' id='block_1_7' title="bbox 0 0 1010 3700">
    <p class='ocr_par' dir='ltr' id='par_1_9' title="bbox 0 0 1010 3700">
     <span class='ocr_line' id='line_1_36' title="bbox 0 0 1010 3700; baseline 0 0"><span class='ocrx_word' id='word_1_227' title='bbox 0 0 1010 3700; x_wconf 95' lang='lat' dir='ltr'> </span> 
     </span>
    </p>
   </div>
  </div>
 </body>
</html>
