1975 3700
348 257 531 328 ints.
722 230 838 350 381Ι

79 374 119 425 υτ
130 391 191 439 quus
201 370 283 443 Scylla
292 393 379 436 vorax,
385 377 523 445 Scyllaeque
533 376 633 428 adversa
639 376 792 444 Charybdis,
805 373 839 442 38
844 389 857 438 5

120 449 243 500 Dulichiae
257 450 359 515 pavidos
375 450 488 516 eripuere
506 450 571 501 reti:

79 520 119 570 υτ
136 538 197 586 quos
214 522 310 574 demisit
324 522 411 573 vallam
428 523 592 590 Polyphemus
609 521 634 572 in
648 523 750 575 alvum:

119 593 156 643 Ut
171 594 345 664 laestrygonias
362 596 403 664 qui
418 595 513 646 subiere
527 596 623 648 domos.

81 665 120 715 Ut
137 684 198 733 quos
213 668 262 718 dux
276 667 365 720 Poenus
378 671 464 720 mersit
476 669 614 736 putealibus
630 668 720 728 undis,

119 739 153 789 lit
166 739 229 805 jallo
244 758 317 792 canas
331 744 433 808 pulvere
447 743 508 792 secit
522 757 605 810 aquas.
805 753 857 808 390

82 811 133 862 Sex
148 815 186 864 bis
199 826 228 864 ut
243 815 349 865 Icaridos
364 815 461 866 lamule
475 816 571 884 periere
589 813 725 882 pineique,

120 886 197 952 lnque
214 899 288 953 eaput
303 888 393 938 domini
408 889 448 955 qui
464 889 537 940 debat
552 905 617 938 arma
632 889 724 953 procis,
826 887 835 899 ‘

82 958 202 1024 Utjacet
215 959 300 1010 Aonio
316 960 419 1011 ludator
434 962 465 1011 ab
480 961 575 1028 hospite
591 959 675 1019 sursus,

122 1031 190 1096 Qui,
204 1033 290 1083 mirum
304 1033 311 1082 ἔ
325 1035 423 1093 vidior,
440 1033 496 1084 clim
512 1031 654 1093 cecidisset,
671 1046 733 1085 erat.

82 1104 121 1154 Ut
138 1123 200 1171 quos
216 1105 297 1158 Antei
310 1107 388 1158 sortes
403 1107 507 1174 pressere
521 1108 607 1159 lacerti
620 1139 629 1165 ,
804 1119 854 1174 395

121 1177 242 1246 Quosque
257 1180 316 1230 serre
330 1179 403 1231 morti
420 1180 520 1230 Lemnia
536 1181 606 1231 turba
622 1179 699 1232 dedit·
884 1201 886 1206 ¹

82 1249 121 1300 υτ
138 1253 180 1316 qu·
192 1252 244 1318 posi
258 1255 358 1320 longum
374 1253 435 1303 sacri
448 1253 593 1304 monstrator
607 1253 682 1320 iniqui

121 1324 211 1375 Elicuit
227 1326 342 1391 pluvias,
359 1325 455 1376 ritiima
470 1325 565 1385 τείας,
583 1341 668 1392 aquas.

83 1396 170 1450 Frater
184 1411 214 1449 ut
227 1399 328 1457 Antaei,
342 1415 392 1466 quo
408 1399 522 1466 sauguine
536 1399 637 1457 debuit,
656 1415 709 1452 atas

120 1470 226 1530 Tinxit3
244 1472 402 1540 &exemplis
418 1473 511 1522 oceidit
527 1472 576 1538 ipse
594 1472 650 1522 suis.
804 1487 857 1535 ,τοο

83 1542 120 1592 υτ
138 1544 180 1610 qui
194 1545 336 1605 terribiles,
352 1562 398 1612 pro
412 1561 510 1613 grauun
524 1545 669 1597 habentibus
684 1545 784 1605 he'rbis,

120 1616 211 1682 Impius
228 1617 334 1669 humano
350 1618 444 1669 viscere
462 1618 529 1686 parit
546 1635 632 1685 equos.

80 1687 121 1738 Ut
134 1689 185 1740 duo
199 1691 301 1742 diversis
317 1691 359 1741 sub
375 1693 464 1742 eodem
478 1691 575 1742 vindice
592 1689 649 1742 τεεί
693 1709 698 1718 ·

121 1763 285 1830 Temporibus
301 1764 408 1824 Nellos,
424 1765 610 1831 Dexamenique
628 1779 713 1832 gener.

83 1834 121 1886 υτ
129 1854 272 1905 pronepos,
289 1837 411 1896 Saturne,
427 1852 484 1889 tuus
496 1854 504 1889 ι
516 1854 586 1905 quem
597 1838 701 1889 reddere
711 1835 786 1890 vitum
804 1854 854 1901 405

122 1911 191 1961 Urbe
206 1911 343 1962 Coronides
358 1913 418 1962 vidit
433 1913 464 1961 ab
480 1912 531 1978 ipse
548 1912 597 1962 siti.

83 1982 122 2033 υτ
135 1983 219 2041 Sinis,
237 1985 264 2035 dt
276 1986 383 2044 Sciron,
401 1986 428 2036 ὅτ
444 2001 499 2034 curn
513 1982 679 2054 Polypemone
696 1990 787 2042 natus,

122 2055 222 2124 Quique
238 2058 313 2107 homo
326 2069 396 2123 parte
413 2057 468 2115 sui,
485 2068 555 2123 parte
570 2057 688 2123 juvencus
705 2071 766 2107 erat.

84 2128 185 2195 Quique
197 2131 280 2181 trabes
292 2129 380 2197 pressus
396 2133 427 2180 ab
442 2132 516 2181 humo
532 2130 643 2181 mittebat
658 2130 683 2179 in
699 2147 787 2188 auras,

121 2199 237 2269 AEquoris
253 2204 368 2270 aspiciens
383 2202 458 2269 hujus
472 2204 498 2253 δι
514 2201 585 2268 hujus
601 2206 685 2268 aqu-as.¹
804 2217 856 2265 410

82 2274 197 2342 Quaeque
214 2276 292 2327 Ceres
306 2276 368 2326 vidit
383 2278 443 2327 leto
455 2276 580 2342 pereuntia
597 2276 667 2325 vultu

123 2347 236 2415 Corpora
251 2350 347 2399 Thesea
363 2348 509 2417 Cercyonea
525 2364 606 2399 manu.
689 2352 692 2359 ’

84 2421 147 2471 llaec
158 2422 203 2476 tibi
214 2455 222 2481 ,
238 2420 312 2490 quein
322 2422 537 2488 meritispreribus
548 2438 602 2472 meu
613 2420 720 2471 devoret
730 2419 784 2480 int,

121 2496 261 2554 Eveniant,
276 2508 320 2545 aut
332 2496 370 2546 his
383 2500 435 2546 non
452 2496 544 2545 leviora
559 2493 636 2544 melis.

85 2567 174 2633 Qualis
185 2568 370 2619 Aclraemenides
383 2568 464 2618 Siculi
481 2568 588 2619 desertus
605 2568 630 2617 in
643 2565 738 2627 AEtne,
801 2582 852 2631 4¹5
949 2582 954 2593 ‘

120 2641 216 2691 Troica
232 2639 287 2691 ciam
301 2642 364 2691 vidit
378 2642 552 2698 reinvenire,
569 2641 624 2691 suit.

83 2712 304 2779 Qualiseratnet
317 2730 368 2779 non
383 2715 480 2764 fortuna
494 2714 620 2765 binominis
638 2713 692 2771 lri,

122 2787 222 2854 Quique
236 2800 324 2838 tenent
338 2799 457 2853 pontem,
472 2804 530 2853 quce
541 2788 585 2836 tibi
601 2785 671 2852 pejor
685 2786 742 2839 etit.
758 2822 761 2835 .

82 2860 160 2915 filins
176 2863 203 2912 tt
220 2860 318 2911 Ceteris
333 2860 416 2918 hadita
429 2861 474 2911 tibi
489 2860 583 2927 semper
599 2872 710 2919 ametur,

121 2933 293 3002 Destituatque
306 2948 362 2987 ruas
377 2934 568 3003 auquepetitus'
580 2948 650 3000 oper·
666 2950 669 2957 ’
801 2948 855 2996 4²0
