1975 3700
151 233 461 304 Fnsronunr
488 207 592 339 L¹⁸r
619 239 659 302 V.
713 255 786 328 119

71 351 107 405 Et
127 352 229 404 dederat
245 352 312 403 fratri
328 351 419 402 Boreas
437 349 475 416 jus
492 368 564 401 omne
582 354 689 419 rapinae,

111 426 192 478 Ausus
208 425 345 480 Erechthei
361 425 458 490 prumia
472 425 537 476 ferre
551 425 634 477 domo.

72 499 135 552 Vim
150 511 232 550 temen
247 498 359 550 emendat
376 499 455 548 dando
470 499 529 548 mihi
541 500 638 550 nomina
651 512 752 568 nuptaet
798 519 845 568 203

112 574 191 639 Inque
207 591 263 624 tneo
278 589 328 624 non
342 571 375 622 est
388 574 436 624 ulla
452 575 551 638 querela
567 586 633 626 toro.

72 647 145 702 Vere
163 647 232 698 fruor
250 647 365 711 semper:
386 646 438 696 veri
458 646 611 698 nitidissimus
626 664 714 700 annus.

112 719 196 770 Arbor
213 721 287 772 hebet
304 719 422 778 frondes,
442 720 530 784 pabula
546 720 640 786 semper
655 722 751 776 hornus·

72 792 115 844 Est
134 794 194 844 mihi
213 793 331 844 fecundus
351 793 470 842 dotalibus
489 793 575 844 hortus
592 795 619 842 in
638 795 721 862 agrios

110 865 178 918 Aure
198 867 287 926 iovet3
307 866 402 932 liquida
419 866 488 916 fonte
504 867 596 932 rigatur
614 885 692 934 aquae.
796 885 848 921 210

71 940 148 991 Hunc
169 957 238 994 meus
255 940 363 1005 implevit
381 938 502 1006 generoso
518 939 579 990 flore
595 941 712 1000 maritus3

110 1014 195 1080 Atque
214 1013 264 1072 ait,
285 1011 416 1064 Arbitrium
432 1023 478 1070 tu,
497 1013 573 1072 Dea,
592 1013 660 1064 floris
677 1015 749 1067 habe.

70 1086 147 1154 Saepe
165 1103 214 1154 ego
230 1086 332 1155 digestos
351 1085 420 1144 uolui
439 1101 566 1137 numerare
585 1088 702 1143 colores.

111 1161 167 1210 Nec
181 1160 270 1226 potuit
289 1176 390 1210 nurnero
405 1159 477 1224 copia
490 1158 568 1224 major
584 1172 647 1211 erat.

69 1231 247 1284 Rosciorum
261 1230 363 1300 primiru
376 1232 440 1282 foliis
458 1233 552 1304 excuffa
568 1234 653 1299 pruina
668 1234 720 1296 est,
794 1253 825 1290 21
833 1255 844 1303 5

110 1306 144 1356 Et
160 1307 232 1358 varie
251 1306 324 1360 radiis
337 1305 467 1372 intepuere
487 1323 581 1365 cornu

70 1380 233 1432 Conveniunt
252 1379 320 1446 pistis
339 1379 448 1430 incline
468 1379 573 1430 vestibus
587 1379 683 1441 Horae,

110 1455 188 1520 lnque
201 1454 268 1505 leves
279 1454 386 1518 calathos
400 1469 499 1502 munera
509 1453 588 1504 nostra
598 1455 692 1523 legunt.

71 1527 189 1578 Protinus
199 1528 318 1594 arripiunt
329 1526 441 1578 Charites
452 1559 460 1586 ,
473 1526 621 1594 oethrntque
631 1545 753 1588 coronas,

110 1601 229 1667 Sertaque
241 1599 348 1652 coelestes
359 1599 507 1665 implicitura
520 1617 611 1666 comas.
794 1619 846 1655 220

69 1673 152 1736 Prima
168 1691 213 1740 per
231 1673 356 1724 immensas
376 1672 449 1739 sparsi
465 1689 531 1723 nova
549 1673 638 1726 semim
657 1687 764 1742 gentes:

110 1746 190 1799 Unius
208 1748 281 1800 tellus
301 1758 356 1799 ente
377 1746 466 1798 colotis
485 1758 548 1796 erat.

71 1819 153 1873 Prirne
172 1820 328 1887 Therapnaeo
346 1819 396 1871 ieci
415 1819 445 1869 de
466 1819 580 1888 sanguine
596 1819 701 1883 florent,

109 1895 142 1945 Et
161 1908 241 1947 manet
260 1895 286 1944 in
306 1894 366 1946 folio
385 1894 474 1959 scripta
493 1895 594 1960 querela
613 1894 665 1945 suo.

70 1968 113 2019 Tu
121 1968 393 2036 quoquenomenhebes
401 1968 494 2026 cultos,
503 1965 610 2017 Narcilie
619 1982 678 2037 ,per
685 1967 786 2021 hortosr
796 1986 830 2021 22
834 1988 846 2037 5

111 2041 202 2093 Infelix
212 2074 220 2099 ,
232 2040 297 2109 quod
307 2057 356 2091 non
366 2042 428 2091 alter
440 2041 465 2091 δι
475 2042 537 2091 alter
548 2058 602 2093 eras
613 2040 620 2089 l

73 2114 142 2181 Quid
155 2114 271 2173 Crocon,
285 2126 327 2165 aut
336 2114 416 2181 Attyn
428 2114 551 2173 referam,
565 2112 705 2182 Cinyrique
719 2129 846 2178 creatum

109 2188 151 2239 De
169 2204 271 2255 quorum
287 2202 331 2254 per
351 2203 390 2237 rne
407 2187 508 2237 vulnere
529 2186 603 2255 surgit
622 2186 722 2239 honori

71 2260 142 2313 Mars
161 2278 277 2329 quoque,
296 2260 317 2311 si
335 2259 432 2322 neseis,
454 2277 500 2326 per
518 2259 610 2311 nostras
629 2262 709 2312 editus
725 2275 811 2323 artes5

97 2332 223 2403 ¹iuppiter
239 2335 288 2385 hoc
298 2346 332 2385 'ut
350 2333 428 2383 adhuc
444 2333 553 2392 nesciat,
574 2333 648 2401 usque
666 2351 763 2401 precor.
797 2352 849 2404 ²30

73 2407 160 2463 senile
179 2408 267 2460 lovem
287 2406 372 2465 Juno,
392 2406 448 2459 uati
464 2408 519 2459 sine
536 2419 614 2475 mette
634 2406 767 2472 Minori,

113 2479 207 2533 Officio
228 2481 305 2536 doluit
322 2496 372 2531 non
390 2480 478 2549 eguiile
498 2482 551 2533 suo.

71 2556 148 2613 ibat,
166 2567 194 2605 ut
211 2555 316 2607 Oceano
333 2567 477 2621 quereretur
493 2554 558 2605 furta
576 2554 673 2608 meritit

92 2626 209 2679 'Restitit
229 2629 260 2679 ad
280 2627 370 2679 nostras
388 2627 444 2679 fessa
462 2629 546 2679 labore
564 2629 642 2679 iores.

72 2702 156 2767 Quem
168 2702 239 2753 simul
249 2702 367 2769 adspexi;
383 2701 450 2766 Quid
461 2714 487 2751 te
499 2735 507 2760 ,
525 2702 657 2762 Saturnia,
672 2701 720 2754 dixi
731 2736 740 2763 ‚
797 2718 849 2771 235

111 2773 225 2826 Attulit?
239 2776 359 2841 exponit,
374 2792 445 2842 quem
455 2787 541 2841 petat,
554 2775 699 2828 illa'locurn.

73 2846 176 2901 Addidit
198 2849 225 2899 dt
245 2848 363 2899 caulam:
385 2848 465 2899 verbis
487 2849 581 2899 solabar
600 2850 693 2901 amicis.

112 2922 191 2981 Non,
209 2922 306 2991 inquit,
327 2922 408 2975 verbis
427 2939 485 2975 curo
505 2922 607 2977 levanda
625 2939 678 2973 rnea
701 2921 743 2974 est.
835 2982 842 2995 ο
