1975 3700
197 241 245 313 68
296 247 339 309 P.
366 242 558 312 Orrurr
583 237 814 317 Nasonis

197 361 307 426 Quaeque
325 361 365 410 diu
383 360 470 418 latuit,
491 376 554 409 nunc
570 359 594 408 se
611 363 658 426 qua
673 363 746 411 tollat
761 363 786 411 iu
801 379 900 423 auras,

138 448 188 494 240
210 454 214 460 ’
235 435 331 484 Fertilis
349 437 457 484 occultas
474 434 567 482 invenit
582 433 655 482 herba
673 433 734 484 vias.

197 507 268 558 Nunc
284 507 401 558 fecundus
416 523 473 574 ager
485 523 493 556 s
505 507 602 572 pecoris
617 523 681 556 nunc
695 508 755 556 hora
770 509 899 568 creandi;

234 581 306 630 Nunc
321 582 371 632 avis
388 581 412 629 in
429 597 494 628 ramo
510 579 574 628 tetta
590 580 713 645 laremque
730 597 807 646 parat.

197 653 320 719 Tempora
336 653 387 716 jure
405 655 488 702 coiunt
505 652 580 703 Latiae
595 653 698 702 fecunda
712 668 846 718 parentes,

235 726 344 790 Quarum
361 726 467 775 militiam
482 738 587 790 votaque
604 738 687 790 partus
702 727 785 776 babet.

47 833 63 846 Ι
138 813 187 862 245
201 798 291 858 Adde,
310 800 374 866 quod
389 799 504 848 excubias
519 798 571 865 regi
585 798 707 848 Romanus
723 802 830 866 agebat,

236 872 292 936 Qua
307 889 369 922 nunc
386 872 499 937 Esquilias
514 871 610 921 nomina
626 873 694 922 collis
707 873 791 924 habet.

198 947 251 996 illic
266 963 280 995 a
297 948 393 996 nuribus
409 945 500 997 Junoni
516 946 605 1010 templa
621 944 712 995 Latinis

235 1019 288 1069 Hac
303 1021 376 1079 sunt,
394 1019 414 1070 si
429 1018 545 1076 memini,
561 1019 656 1083 publica
672 1019 734 1068 fasta
749 1019 799 1070 die.

200 1092 265 1156 Quid
281 1111 381 1152 moror,
401 1093 427 1142 &
441 1091 514 1142 variis
529 1108 607 1140 onero
622 1104 663 1140 tua
678 1093 776 1157 pestora
791 1090 901 1142 causis?

137 1180 151 1212 2
157 1180 195 1226 50·
238 1166 334 1215 Eminet
348 1175 403 1214 ante
421 1167 526 1223 oculos,
546 1165 611 1230 quod
626 1167 708 1232 petis,
725 1182 785 1214 ecce
799 1179 867 1214 tuos.

197 1238 281 1289 Mater
295 1253 357 1288 amat
370 1251 455 1303 nuptas
468 1254 475 1288 ε
488 1239 575 1287 Matris
587 1255 626 1287 me
638 1240 708 1287 turba
723 1240 897 1304 frequentant.

236 1312 296 1361 Haec
311 1329 355 1360 nos
369 1309 488 1376 praecipue
504 1322 553 1360 tam
569 1311 607 1377 pia
623 1311 692 1360 causa
707 1313 788 1361 decet.
866 1374 870 1378 Α

199 1385 270 1434 Ferte
284 1385 346 1433 Deae
363 1385 435 1434 flores
448 1401 455 1434 :
468 1385 557 1450 gaudet
570 1385 713 1434 florentibus
727 1384 809 1433 herbis

235 1457 295 1506 Haec
312 1458 367 1506 Dea
381 1473 387 1507 :
401 1458 431 1506 de
449 1470 536 1506 tenero
553 1458 642 1524 cingite
657 1457 718 1507 flore
734 1469 817 1522 caput.

138 1542 169 1590 25
176 1545 189 1594 5
203 1530 306 1588 Dicite,
324 1530 363 1579 Tu
379 1532 458 1580 lucem
472 1530 560 1588 nobis,
575 1530 685 1587 Lucina,
701 1530 794 1580 dedisti.

235 1603 339 1658 Dicite,
354 1605 394 1653 Tu
409 1618 468 1654 voto
484 1603 640 1669 parturientis
654 1604 721 1653 ades.

199 1675 224 1725 Si
239 1694 285 1742 qua
299 1690 378 1726 tamen
392 1678 489 1744 gravida
504 1675 555 1734 est,
570 1678 678 1726 resoluto
693 1677 757 1726 crine
772 1689 914 1742 precetur,

146 1809 161 1826 f
235 1751 271 1800 Ut
288 1750 364 1799 solvat
378 1761 461 1815 partus
477 1750 584 1799 molliter
598 1751 640 1799 iila
655 1749 720 1800 suus.

198 1822 296 1888 QUIS
311 1823 368 1873 mihi
383 1840 446 1873 nunc
464 1823 548 1882 dicat,
568 1839 642 1889 quare
658 1822 763 1874 coelestia
776 1821 866 1873 Martis

136 1894 188 1946 260
236 1897 308 1947 Arma
323 1896 402 1946 ferant
417 1896 493 1955 Salii,
508 1896 703 1962 Mamuriumque
719 1894 828 1945 canant?

199 1970 311 2037 Nympha
322 2004 329 2027 ,
343 1986 432 2028 mone,
450 1969 543 2019 nemori
554 1968 682 2036 stagnoque
694 1981 793 2036 operata
804 1968 918 2031 Dianae3

234 2044 366 2109 Nympha,
384 2044 468 2093 Numae
485 2042 594 2107 conjux,
611 2044 642 2091 sd
656 2054 698 2092 tua
713 2042 771 2093 festa
783 2042 855 2094 veui.

197 2116 276 2167 Vallis
293 2116 397 2165 Aricinae
415 2116 475 2166 silvi
490 2115 630 2182 praecinctus
647 2115 724 2181 opaci

234 2188 273 2238 Est
287 2190 374 2247 lacus,
390 2189 487 2257 antiqui
501 2190 629 2256 reiligione
644 2188 720 2239 sacer.

137 2260 170 2311 26
175 2274 187 2323 5
201 2260 249 2311 Hic
265 2264 325 2313 latet
341 2262 511 2330 Hippolytus,
527 2262 595 2312 furiis
611 2262 718 2327 direptus
734 2276 875 2327 equorum

233 2335 305 2385 Unde
320 2352 403 2386 nemus
418 2337 489 2385 nuliis
504 2336 565 2384 iliud
578 2335 652 2384 initur
666 2335 744 2399 equis.

197 2406 263 2459 licia
280 2409 437 2475 dependent,
454 2410 539 2476 longas
555 2408 660 2457 velantia
676 2408 764 2472 sepes,

234 2481 265 2531 Et
280 2482 359 2549 posita
375 2481 409 2532 est
424 2482 605 2532 meritaemulta
623 2482 711 2529 tabella
728 2480 801 2529 Deae.

196 2554 267 2619 Saepe
284 2568 371 2621 potens
386 2555 456 2613 voti,
474 2555 580 2605 frontem
596 2554 705 2603 redimita
723 2550 844 2609 coronis,

135 2642 187 2691 270
237 2628 332 2677 Femina
347 2628 457 2677 lucentes
471 2639 554 2694 portat
569 2628 599 2676 ab
615 2628 683 2677 Urbe
699 2626 776 2697 iaces.

197 2700 282 2767 Regna
293 2712 378 2751 tenent
388 2701 513 2767 fortesque
523 2717 593 2749 manu
604 2733 612 2758 ,
629 2700 780 2765 pedibusque
789 2697 918 2767 fugasses

175 2786 179 2813 ¹
235 2774 265 2823 Er
283 2774 345 2839 perit
361 2777 472 2839 exemplo
486 2772 612 2839 postmodo
628 2774 729 2839 quisque
748 2771 803 2821 suo.

199 2846 293 2897 Dessuit
308 2848 402 2897 incerto
419 2847 538 2913 lapidosus
554 2862 676 2897 murmure
690 2846 755 2895 ntus
764 2861 774 2903 ς

233 2920 321 2988 Saepe,
338 2920 379 2971 sed
392 2920 484 2989 exiguis
500 2919 636 2980 haustibus,
653 2919 709 2971 inde
724 2919 804 2971 bibes.
