1975 3700
238 244 555 314 marorum
582 237 754 310 ΗΜ.
805 260 851 310 21

143 357 268 427 Tempore
277 363 355 412 crevit
363 379 439 422 amor,
450 363 489 430 qui
498 379 562 411 nunc
570 361 604 412 est
613 360 724 421 sumanus,
731 361 844 412 hirtum.
867 375 915 428 195

180 435 232 487 Vix
242 437 324 495 ultra,
340 435 388 502 qui>
403 436 450 504 jam
459 435 649 504 progrediatur,
663 436 746 486 nabet.

144 506 222 558 Pluris
232 526 292 576 opes
303 525 366 558 nunc
377 509 448 569 sunt,
464 513 534 577 quim
546 509 618 576 prisci
628 511 746 575 temporis
758 508 844 569 annin

183 581 250 632 Dum
260 583 363 648 populus
375 599 467 650 pauper
478 617 485 642 ,
502 583 558 633 dum
570 599 634 633 nova
643 581 723 632 Roma
735 583 803 642 suit;

145 655 213 706 Dum
223 656 276 706 cesa
286 656 448 724 Martigenam
459 657 570 724 capiebat
579 673 652 723 parva
662 654 811 721 Quirinum,

183 728 215 778 Et
226 729 296 780 dabat
306 731 420 798 exiguum
434 731 537 781 fluminis
550 731 606 779 ulva
616 741 707 780 torum.
866 743 919 782 200

147 800 260 868 Juppiter
274 803 370 872 angusti
380 804 424 854 vix
437 815 506 855 tutus
515 802 589 853 stabat
598 803 624 852 in
637 803 711 862 aede3

186 875 263 942 Inque
274 875 287 927 J
291 877 343 926 ovis
354 877 438 927 dextri
449 876 524 927 fissile
536 876 629 926 fulmen
639 887 704 927 erat.

148 947 168 999 F
169 948 286 999 rondibus
297 951 413 1002 ornabant
425 983 433 1010 ‚
450 967 505 1018 quae
515 965 579 999 nunc
591 947 714 1017 capito&
727 945 847 1018 gemin

187 1020 350 1090 Pascebatque
363 1023 414 1074 suas
427 1025 477 1094 ipse
491 1024 588 1074 senator
599 1039 668 1073 oves.

129 1101 133 1107 '
148 1095 204 1146 Nec
214 1097 311 1163 pudor,
328 1097 353 1147 in
365 1097 447 1163 stipula
460 1098 577 1164 placidam
590 1094 677 1162 cepiffe
687 1095 813 1164 quietem
868 1110 921 1162 ²05

185 1169 239 1220 Nec
253 1170 345 1222 suenum
356 1171 427 1237 capiti
440 1169 603 1238 supposuisse,
620 1169 676 1221 suit.

149 1241 207 1296 sura
220 1243 291 1294 dabat
300 1245 395 1312 populis
405 1246 487 1312 posito
499 1245 574 1295 mods>
587 1244 672 1294 consul
682 1255 763 1295 mtto
773 1261 784 1304 3

187 1315 218 1366 Et
227 1317 287 1367 levis
298 1319 392 1386 argenti
402 1319 489 1369 lamina
499 1317 590 1368 crimen
601 1329 664 1368 erat.

151 1387 186 1440 At
199 1389 250 1454 posi
261 1395 330 1458 quim
341 1393 447 1443 Fortuna
457 1392 507 1442 loci
517 1404 589 1458 caput
602 1391 689 1442 extulit
697 1389 770 1458 hujus
780 1425 790 1452 ,

189 1463 221 1513 Et
230 1465 311 1531 tetigit
325 1465 427 1516 summos
440 1466 536 1517 vertice
545 1465 623 1516 Roma
632 1465 724 1523 Deos3
872 1475 926 1516 210

153 1534 291 1588 creverunt
302 1537 328 1588 ὃ(
339 1555 417 1604 opes,
438 1539 465 1590 δι
475 1555 549 1606 opum
558 1538 648 1588 suriosa
659 1539 749 1604 cupido
760 1555 770 1596 3

188 1607 237 1669 Et,
255 1607 309 1660 cuim
324 1611 465 1677 possideant
474 1611 592 1678 plurima,
609 1613 678 1677 plura
693 1613 790 1663 volunt.

152 1681 271 1748 Quaerere
282 1695 311 1732 ut
320 1683 442 1734 absumant
453 1717 461 1742 ,
476 1683 583 1734 absumta
593 1685 736 1751 requirere,
747 1696 862 1737 certant:

191 1755 275 1822 Atque
288 1755 344 1821 ipsae
358 1757 424 1808 vitiis
439 1757 492 1808 sunt
506 1757 620 1807 elimenta
633 1757 710 1808 vices.

153 1827 195 1881 Sic
206 1863 213 1890 ,
231 1829 316 1898 quibus
327 1829 439 1882 intumuit
449 1829 535 1883 suffusas
544 1842 632 1883 venter
640 1832 671 1882 ab
680 1831 744 1883 unda
755 1866 763 1893 ,
874 1844 925 1896 215

192 1902 251 1968 Quo
262 1905 315 1970 plus
325 1904 379 1955 sunt
390 1918 473 1972 potae,
489 1907 544 1973 pius
555 1906 670 1958 sitiuntur
681 1923 759 1975 aquae.

153 1978 183 2031 sn
196 1975 277 2044 pretio
288 1979 392 2043 pretium
402 1996 466 2029 nune
480 1978 516 2029 est
526 1996 534 2031 t
546 1980 587 2031 dat
599 1980 684 2030 census
694 1981 802 2031 honores
813 2010 823 2039 ‚

191 2049 287 2101 Census
299 2052 431 2105 amicitias:
442 2069 535 2120 pauper
547 2054 636 2119 ubique
651 2052 726 2119 jacet.

155 2125 196 2176 Tu
205 2136 287 2175 tamen
297 2124 425 2192 auspicium
435 2128 456 2176 si
466 2126 498 2177 sit
509 2126 574 2193 stipis
585 2128 646 2176 utile
660 2126 747 2193 queris
759 2158 767 2185 ,

193 2196 293 2264 Curque
307 2198 392 2265 juvent
403 2197 492 2249 nostras
503 2216 551 2249 aera
560 2199 652 2249 vetusta
662 2216 758 2249 manus.
875 2215 929 2251 220

155 2268 214 2323 AEra
225 2271 313 2321 dabant
323 2272 379 2322 olim
390 2288 399 2331 ;
415 2272 500 2323 melius
514 2289 577 2323 nunc
588 2288 660 2323 omen
670 2273 695 2322 in
705 2288 766 2323 auro
776 2270 810 2322 est
820 2288 831 2332 5

166 2362 168 2369 ·
192 2342 312 2411 Visiaque
325 2345 439 2396 concedit
447 2346 524 2411 prisca
533 2359 632 2397 moneta
642 2362 724 2397 novae.

155 2419 209 2470 Nos
222 2434 321 2485 quoque
330 2421 420 2484 templa
432 2418 535 2485 juvant,
554 2418 660 2486 quamvis
671 2420 767 2488 antiqua
777 2419 907 2486 probemus
920 2451 928 2478 ‚

191 2491 293 2543 Aurea:
305 2491 412 2560 majestas
424 2494 540 2543 convenit
548 2493 590 2543 ista
598 2493 668 2543 Deo.

157 2562 292 2616 Laudamus
305 2577 420 2625 veteres,
439 2565 479 2616 sed
493 2564 579 2617 nostris
593 2566 683 2616 utimur
696 2565 775 2617 annis.
875 2580 909 2617 22
914 2581 927 2629 5

194 2636 253 2689 Mos
266 2650 348 2689 tamen
357 2638 390 2689 esi
400 2636 470 2705 aequ‘e
484 2638 569 2707 dignus
579 2652 683 2707 uterque
698 2640 758 2691 cosi.

155 2710 264 2765 Finierat
273 2713 378 2761 monitus
391 2727 398 2761 ε
410 2712 510 2777 placidis
520 2713 554 2762 ita
563 2713 662 2770 rursus,
678 2724 706 2762 ut
716 2720 794 2773 autes

196 2783 352 2852 clavigerum
366 2785 446 2835 verbis
461 2786 572 2853 alloquor
585 2786 636 2853 ipse
647 2785 739 2836 Deum.

155 2854 239 2911 Multa
249 2857 345 2923 quidem
356 2856 427 2907 didici
440 2873 447 2908 t
460 2858 501 2909 sed
512 2876 555 2909 eur
565 2860 655 2909 navalis
664 2857 689 2907 in
699 2874 748 2909 aere

194 2928 282 2983 Altera
291 2930 384 3001 signata
394 2930 445 2992 est,
462 2932 538 2984 altera
549 2932 626 2984 forma
636 2928 746 2999 bicepst,
880 2945 891 2984 r
896 2944 931 2999 30
