1975 3700
222 262 298 359 336
345 261 387 332 P.
417 263 614 336 Orrorr
640 212 868 337 Naroma

210 418 471 440 ——ud-u

189 418 383 458 (mm-..-

286 515 630 581 eutsrotn
684 513 795 578 v11.

311 643 318 673 ³
388 646 667 720 ‘Aurora

258 753 281 790 2.

216 755 263 868 §V
287 829 380 866 entra
398 814 455 864 mihi
469 814 555 865 desunt
568 815 655 865 eadem
670 827 719 865 tam
736 814 798 879 sape
814 816 930 885 roganti,

252 890 354 956 Jamque
368 890 444 955 pudet
459 905 534 938 vanas
549 886 596 937 fine
611 904 695 938 carere
712 905 807 952 preces.

217 964 300 1015 Taedia
317 962 437 1012 consimili
451 959 505 1010 sieri
521 961 551 1009 de
568 961 671 1010 carmine
685 961 753 1011 vobis
766 993 774 1019 ,

254 1036 369 1102 Quidque
384 1046 485 1100 petam,
506 1033 603 1083 crinsios
619 1033 738 1084 edidicisse
752 1051 818 1084 reor.

152 1169 156 1174 ,
194 1129 206 1178 5
220 1109 354 1174 Nostraque
368 1107 424 1173 quid
435 1119 518 1173 portet
531 1105 579 1172 jam
595 1105 666 1156 nostis
682 1107 800 1171 epistola,
819 1109 926 1174 quamvis

254 1182 346 1232 Charta
362 1181 393 1230 sit
407 1196 421 1230 a
437 1180 524 1229 vinclis
540 1196 590 1230 nou
606 1179 720 1229 labesnfta
737 1180 794 1231 suis.

217 1257 284 1322 Ergo
299 1266 407 1304 mutetur
421 1252 494 1302 nostri
510 1252 628 1303 sententia
644 1251 745 1318 scripti,

253 1330 293 1378 Ne
311 1325 387 1378 toties
403 1337 509 1382 contra,
528 1327 599 1392 quim
614 1326 677 1391 rapit
694 1327 790 1381 amnis,
808 1343 871 1378 eam.

218 1402 292 1467 Quod
309 1402 371 1450 bene
387 1399 417 1449 de
430 1399 501 1449 robis
517 1397 627 1465 speravi,
645 1398 780 1466 ignoscite,
799 1401 886 1458 amici,

176 1495 208 1538 10
254 1473 326 1523 Talia
342 1471 460 1538 peccandi
475 1471 524 1537 jam
540 1472 596 1522 mihi
611 1470 665 1522 finis
681 1471 737 1521 erit.

216 1550 271 1600 Nec
290 1546 369 1614 gratis
384 1545 455 1595 uxori
470 1544 555 1603 dicar,
571 1561 624 1612 quae
640 1544 731 1594 scilicet
745 1543 768 1594 iu
785 1561 824 1595 me

252 1619 333 1684 Quem
341 1619 488 1685 proba,tam
497 1619 581 1668 timida
590 1617 624 1668 est
631 1649 639 1676 ,
647 1618 823 1686 experiensque
833 1634 921 1683 parurn.

214 1693 277 1748 Haec
292 1707 390 1759 quoque
401 1723 410 1748 ,
423 1690 507 1749 Naso,
521 1691 584 1742 seras
598 1707 605 1741 r
618 1693 708 1741 etenim
725 1684 810 1755 peiora
822 1683 902 1744 tulisti.

252 1765 305 1818 Jam
321 1766 365 1815 ribi
379 1764 460 1814 sentiri
474 1763 564 1815 sarcina
580 1765 645 1824 nulla
657 1763 744 1830 potest.
783 1786 785 1792 v

174 1856 204 1906 ις
218 1839 312 1892 nuum
325 1838 356 1889 ab
369 1848 480 1889 armento
492 1849 577 1889 taurus
592 1837 710 1889 detrectat
724 1849 850 1898 aratrum,

250 1912 375 1962 subtrahit
390 1912 416 1962 &
431 1911 491 1961 duro
508 1913 571 1963 colla
588 1912 684 1961 novella
699 1909 767 1977 jugo.

214 1988 289 2043 Nos,
307 1985 393 2051 quibus
408 1982 507 2035 assuevit
521 1984 596 2034 saturn
612 1985 743 2034 crudeliter
758 1983 815 2041 uti,

250 2058 290 2107 Ad
302 2059 363 2106 mala
378 2057 426 2126 jam
441 2057 533 2122 pridem
550 2074 599 2107 non
614 2057 692 2107 sumus
709 2058 756 2107 ulla
771 2058 855 2108 rudes.

213 2131 333 2183 Venimus
348 2130 374 2179 in
390 2129 495 2181 Geticos
511 2128 592 2188 fines;
609 2131 738 2181 moriamur
750 2130 774 2179 in
791 2131 857 2187 illis,

171 2221 206 2257 ao
253 2202 376 2270 Parcaque
391 2203 588 2261 adrumentum,
603 2203 649 2269 qui
664 2220 716 2253 mea
731 2203 826 2267 coepir,
844 2212 891 2253 eat.

213 2278 285 2344 Spem
296 2276 365 2342 iuret
378 2276 506 2343 amplesii,
522 2294 576 2343 quae
587 2294 637 2327 noa
650 2276 718 2343 juvat
728 2275 794 2335 irrita
811 2276 899 2343 semper
906 2290 914 2333 r

249 2351 282 2401 Et
297 2349 349 2401 sieri
364 2351 447 2416 cupias
461 2348 482 2399 si
498 2365 562 2415 qua,
582 2349 663 2400 sutura
676 2362 758 2415 putes.

213 2422 340 2475 Proximus
349 2423 405 2473 huic
416 2422 502 2490 gradus
518 2420 570 2479 est,
588 2424 651 2473 bene
665 2422 790 2489 desperare
802 2422 915 2481 salutem,

249 2496 329 2563 Seque
345 2495 419 2547 semel
434 2494 493 2544 veri
507 2494 566 2545 scire
580 2494 665 2561 perisse
681 2493 738 2545 fite.

168 2584 201 2635 25
215 2569 330 2620 Curando
347 2566 400 2618 fieri
416 2569 525 2635 quaedam
541 2567 633 2634 majora
648 2568 758 2619 videmus

248 2643 376 2699 Vulnera,
394 2658 446 2707 quae
462 2642 548 2691 melius
564 2658 613 2691 non
628 2640 731 2710 tetigisse
747 2641 803 2692 suit.

212 2713 297 2766 Mitius
311 2715 354 2764 iile
369 2714 452 2780 perit,
470 2714 546 2764 subiti
561 2715 603 2781 qui
618 2714 736 2783 mergitur
751 2715 837 2773 undar

248 2788 327 2853 Quam
344 2787 383 2838 sua
399 2788 439 2854 qui
456 2788 551 2840 tumidis
566 2788 663 2838 brachia
680 2787 746 2839 lassat
759 2789 837 2855 aquis.

210 2862 261 2916 Cur
278 2878 325 2929 ego
340 2860 443 2927 concepi
458 2860 579 2928 Scythicis
596 2878 634 2910 me
650 2860 715 2927 posse
733 2877 817 2923 carere

164 2946 200 2999 30
247 2936 364 2991 Finibus,
382 2934 409 2986 &
421 2934 486 2985 terri
500 2934 655 3002 prosperiore
673 2932 746 2985 itui?
869 3004 890 3058 C

892 3023 918 3057 ur
