1975 3700
148 277 449 348 FAsroitvM
476 274 585 344 Lan.
614 277 673 346 11.
723 301 771 376 53
840 273 842 277 ’

62 397 136 448 Forte
151 397 196 446 suit
207 395 286 454 Nais,
303 395 363 446 Lara
377 395 473 445 nomine
487 397 583 460 :prima
598 396 638 444 sed
653 397 688 447 illi

99 470 169 520 Dina
184 471 220 520 bis
236 470 358 535 antiquum
375 471 464 536 syllaba
479 485 568 517 nomen
583 481 654 528 erat,
783 469 837 520 600

63 543 101 592 Ex
114 543 175 592 vitio
191 541 305 608 positum.
321 543 390 606 Saepe
406 543 440 590 illi
457 543 551 590 dixerat
567 543 659 601 Almo,

100 618 180 673 Nata,
198 628 255 664 tene
272 617 394 682 linguam:
408 632 453 665 nec
466 628 547 664 tamen
563 615 602 663 illa
616 628 694 667 tenet.

64 688 147 753 Quae,
162 689 232 738 simul
247 705 275 738 ac
290 688 371 756 tetigit
384 687 493 740 luturnae
508 687 587 755 stagna
603 688 712 749 sororis,

100 760 204 830 Effuge,
221 763 275 819 ait,
292 763 374 826 ripas:
387 761 447 811 dista
462 761 586 828 refertque
601 759 678 812 Iovis.

62 837 107 886 llla
124 835 195 884 etiam
206 833 326 884 iunonem
342 834 418 892 adiit,
435 834 591 900 miserataque
608 847 725 901 nuptam,
783 834 834 897 605

99 907 180 958 Naida
195 905 319 958 Iuturnam
334 908 371 955 vir
385 920 461 964 tuns,
479 907 575 973 inquit,
591 920 662 958 amat,

61 981 76 1034 J
79 982 175 1050 nppiter
189 980 302 1029 intumuit
314 996 321 1030 ε
334 980 428 1046 quique
446 980 479 1030 est
494 997 542 1029 non
557 979 597 1028 usa
613 979 738 1040 modeste,

51 1083 57 1094 »
99 1055 194 1120 Eripuit
208 1055 311 1122 linguam
325 1069 331 1102 :
345 1053 543 1120 Mercuriumque
558 1065 662 1114 monet3

61 1129 140 1186 Duc,
155 1128 206 1185 ait,
222 1127 252 1176 ad
267 1127 373 1178 Manes:
386 1128 453 1178 locus
468 1127 509 1176 ille
526 1127 651 1176 silentibus
666 1139 745 1192 aptus.

98 1202 228 1268 Nympha,
244 1199 284 1250 sed
298 1201 398 1252 insernae
413 1201 526 1269 Nympha
539 1200 650 1266 paludis,
669 1201 724 1251 erit.
781 1198 834 1249 610

61 1273 123 1326 Jnsl'a
139 1273 207 1326 Jovis
222 1273 282 1324 finnt
295 1290 302 1323 r
315 1275 410 1341 accepit
425 1277 493 1324 lucus
511 1287 607 1323 euntes.

98 1348 195 1397 Dicitur
209 1347 249 1396 illa
264 1348 319 1398 duci
336 1361 387 1397 tum
401 1346 513 1413 placuisse
529 1347 597 1397 Deo.

60 1422 119 1472 Vim
134 1433 202 1487 parat
216 1421 255 1470 hic
269 1422 357 1471 :vultu
372 1437 417 1486 pro
432 1421 514 1470 verbis
528 1421 568 1470 illa
581 1431 713 1487 precatur;

98 1494 128 1542 Et
146 1494 229 1544 frustra
245 1507 311 1544 muto
327 1495 411 1544 nititur
426 1511 469 1543 ore
485 1494 561 1560 loqui.
730 1492 733 1496 ’

49 1567 79 1618 'F
81 1568 147 1632 itque
158 1567 245 1635 gravis,
256 1568 411 1634 geminosque
420 1568 491 1634 parit,
502 1565 542 1633 qui
551 1567 655 1632 compita
667 1567 770 1623 servant,
781 1565 831 1629 6015

98 1641 129 1689 Et
142 1641 242 1707 vigilant
257 1641 335 1689 nostra
349 1641 440 1706 semper
454 1640 478 1689 in
496 1642 575 1697 urbe,
596 1639 678 1690 Lares.

60 1711 258 1764 PROXIMA
276 1713 372 1780 cognati
388 1714 470 1762 dixere
488 1711 603 1762 charistia
619 1715 688 1770 cari,

97 1785 129 1835 Et
145 1787 213 1836 venir
228 1785 257 1834 ad
274 1785 347 1836 socias
363 1787 432 1836 turba
445 1787 578 1854 propinqua
594 1785 677 1852 dapes.

60 1860 163 1911 Scilicet
178 1878 192 1908 a
205 1861 321 1918 tumulis,
341 1860 384 1919 &,
402 1861 442 1927 qni
458 1862 573 1926 periere,
589 1859 748 1926 propinquis,

95 1933 209 1983 Protinus
224 1933 254 1982 ad
270 1934 340 1984 vivos
358 1951 399 1984 ora
417 1934 510 1983 referre
526 1932 614 1998 juvat3
637 1934 640 1941 '
779 1932 833 1983 620

58 2005 162 2073 Postque
180 2018 218 2057 tot
232 2007 343 2066 amissos,
361 2006 474 2073 quidquid
490 2007 522 2056 de
538 2006 652 2075 sanguine
666 2006 760 2063 restat,

97 2080 250 2145 Adspicere3
273 2084 298 2131 dc
314 2080 408 2149 generis
424 2080 573 2129 dinumerare
591 2081 686 2145 gradus.

57 2154 161 2203 Innocui
176 2154 293 2205 veniant:
306 2155 391 2221 procul
406 2154 479 2211 hinc,
494 2154 580 2219 procul
597 2153 683 2219 impius
697 2152 748 2204 ello

95 2226 199 2285 Frater,
219 2226 245 2275 &
261 2226 283 2274 in
300 2240 381 2292 partus
397 2238 473 2275 mater
488 2226 574 2275 acerba
589 2226 644 2275 suos
660 2241 668 2275 τ

58 2298 106 2348 Cni
123 2311 193 2365 pater
208 2298 241 2348 est
256 2298 343 2367 vipax,
359 2300 401 2366 qui
415 2299 496 2349 matris
511 2298 599 2366 digerit
611 2314 708 2359 annos,
778 2300 829 2363 625

96 2371 159 2434 Quae
175 2372 262 2437 premit
276 2372 373 2421 invisam
390 2374 470 2423 socrus
488 2372 567 2437 iniqua
584 2388 680 2421 nurum.

56 2445 192 2495 Tantalidae
209 2445 295 2495 sratres
312 2446 410 2503 absint,
429 2446 455 2497 δι
472 2446 561 2495 lasonis
578 2463 659 2505 uxor,

96 2516 127 2565 Et
143 2534 195 2583 quae
212 2519 322 2568 ruricolis
337 2520 425 2569 semina
439 2518 500 2568 tosta
515 2519 603 2569 dedita

56 2591 90 2640 Et
107 2590 201 2647 Soror,
219 2590 245 2639 dt
260 2590 374 2659 Progne,
392 2592 539 2657 Tereusque
554 2592 645 2642 duabus
661 2591 775 2659 iniquus:

97 2662 127 2711 Et
144 2662 288 2729 quicumque
304 2666 355 2713 suas
367 2682 411 2730 per
428 2664 505 2714 scelus
518 2677 590 2732 auget
607 2682 677 2730 opes.
778 2665 831 2731 630

56 2734 106 2787 Dis
123 2736 223 2801 generis¹
234 2735 289 2786 date
305 2749 358 2786 tura
374 2738 440 2787 boni.
457 2736 594 2788 Concordia
609 2738 687 2789 fertur

94 2810 141 2858 lllo
155 2808 276 2874 praecipne
291 2810 354 2861 mitis
371 2808 448 2861 adesse
464 2812 511 2860 die.

56 2882 90 2932 Et
106 2880 180 2930 libate
197 2883 269 2945 dapes
283 2900 290 2933 t
303 2896 350 2939 nt,
369 2884 430 2951 grati
446 2884 531 2951 pignus
546 2886 667 2945 honoris,

93 2954 192 3005 Nutriat
206 2954 321 3007 incinslos
337 2958 400 3009 milla
416 2960 508 3026 patella
522 2958 605 3010 Lares.
660 3028 721 3081 <2⁰

695 3048 722 3097 n)
