1975 3700
215 228 288 300 166
314 226 356 297 P.
385 226 579 296 OVrurr
606 226 842 298 Nasours

153 362 200 411 105
214 348 239 399 si
253 348 300 397 suit
311 340 353 395 'hic
370 348 462 417 animus
476 347 565 405 nobis,
580 347 614 396 ita
628 347 741 412 parcite,
756 348 827 397 Divi.

248 420 290 470 Sin
305 420 402 479 minus,
419 420 467 469 alra
483 421 572 469 cadens
588 422 675 469 obruat
688 420 751 469 unda
769 433 854 486 eaput.

212 494 294 545 Fallor
308 491 317 542 i
333 510 364 543 an
380 493 499 559 incipiunt
513 493 619 561 gravidae
632 492 762 543 vanescere
779 497 858 545 nubes
870 494 882 544 d
918 520 923 525 ·

247 567 365 632 vittaque
380 567 465 617 mutati
479 568 597 634 frangitur
611 566 646 616 ira
659 564 751 615 maris?

212 640 269 691 Non
286 640 370 698 casus,
385 640 425 690 sed
438 656 484 690 vos
500 640 542 689 sub
557 640 700 689 conditione
714 639 817 697 vocari,

154 726 203 761 110
250 713 344 763 Fallere
360 730 421 779 quos
435 730 486 763 uon
501 712 535 764 esl
549 748 558 773 ,
573 714 635 763 hanc
649 712 708 762 mihi
722 712 792 762 sertis
806 729 891 780 opem·

207 800 858 874 emss===o

353 916 743 1018 ELEGIAIJL

217 1016 330 1137 CUM
349 1078 410 1129 subit
424 1076 488 1129 illius
503 1076 633 1128 tristissima
650 1078 726 1129 nodo's
741 1075 845 1147 imago,

250 1153 313 1217 Quae
328 1154 387 1203 mihi
401 1152 536 1219 supremum
550 1163 646 1217 ternpus
660 1153 687 1202 in
701 1153 770 1203 Urbe
784 1154 853 1212 suit;

213 1225 274 1279 cum
290 1239 377 1292 repeto
394 1226 489 1277 nostem
500 1256 509 1286 ,
521 1224 570 1291 qud
579 1237 618 1277 tot
630 1225 689 1276 milri
703 1242 759 1277 cara
772 1228 882 1293 reliqui,

249 1300 347 1350 Labitur
360 1316 392 1351 ex
409 1300 568 1351 oculisvnunc
582 1315 680 1365 quoque
696 1311 764 1367 gutta
780 1301 851 1351 meis.

189 1374 264 1440 5Jam
281 1390 358 1439 prope
373 1376 415 1424 lux
427 1372 530 1431 aderat,
544 1371 592 1439 qul
606 1388 646 1422 rue
659 1372 784 1424 discedere
801 1374 886 1427 Caesar
970 1413 971 1450 l

248 1448 347 1497 Finibus
364 1458 479 1499 extreme
494 1444 592 1512 jufferat
606 1445 748 1499 Ausoniae..

211 1522 266 1573 Nec
281 1536 366 1578 mens,
383 1536 429 1569 nec
440 1520 544 1585 ‚spatium
557 1518 654 1569 fuerant
670 1520 726 1571 satir
739 1530 796 1585 apta
811 1520 925 1587 paranti:

248 1594 403 1658 Torpuerant
417 1590 491 1660 longi
508 1591 607 1658 pestora
623 1592 701 1645 nosira
717 1592 795 1642 mori.

212 1668 270 1717 Non
285 1666 342 1715 mihi
357 1666 498 1723 servorum,
514 1656 610 1715 co'mitis
626 1682 675 1715 non
689 1682 746 1716 cura
760 1666 880 1732 legendi,

171 1758 203 1792 10
250 1742 308 1790 Non
324 1752 387 1805 aptae
403 1738 509 1811 profugo
522 1737 594 1788 veliis
610 1739 697 1804 opisve
714 1738 769 1789 suit.

210 1813 268 1864 Non
285 1813 355 1864 aliter
370 1812 466 1879 stupui,
482 1814 553 1879 quim
569 1811 611 1879 qui
626 1811 695 1865 Jovis
708 1810 802 1879 ignibus
817 1810 882 1864 inus

248 1886 319 1938 Vivit
335 1903 344 1946 3
363 1887 389 1938 δι
405 1885 438 1936 eli
451 1888 510 1937 vitae
524 1885 620 1936 nescius
633 1885 682 1952 ipse
700 1886 758 1935 suae.

210 1961 247 2010 Ut
262 1972 344 2009 tamen
358 1961 420 2009 bane
434 1959 514 2010 animo
527 1960 616 2010 nubem
632 1960 703 2009 dolor
716 1957 766 2026 ipse
782 1958 911 2019 removit,

248 2031 279 2080 Et
294 2033 391 2082 tandem
406 2033 486 2084 sensus
500 2034 648 2083 convaluere
663 2031 711 2082 nrei
719 2048 729 2090 ς

172 2121 201 2167 15
214 2104 334 2170 Alloquor
347 2117 481 2156 extremum
496 2105 590 2157 rnaestos
603 2107 711 2158 abiturus
724 2103 834 2165 amicos,

249 2177 301 2242 Qui
316 2175 389 2228 rnodd
406 2179 436 2228 de
450 2179 532 2229 multis
547 2195 609 2229 unus
626 2179 654 2230 δι
668 2181 730 2229 alter
744 2189 826 2229 erant.

211 2250 282 2301 Uror
295 2267 375 2301 amans
392 2251 510 2311 flentem,
524 2251 586 2302 flens
600 2251 678 2304 acriis
692 2252 759 2320 ipsa,
774 2254 900 2312 tenebat,

249 2324 330 2374 lrnbre
342 2341 387 2390 per
403 2325 511 2393 indignas
526 2341 605 2392 usque
620 2326 722 2376 cadente
738 2341 825 2394 genas.

212 2398 275 2448 Nata
289 2399 375 2463 procul
389 2396 486 2468 Libycis
501 2398 583 2449 aberat
598 2399 689 2450 diversa
702 2398 744 2449 sub
757 2398 828 2458 oris,

168 2487 202 2523 20
250 2471 303 2520 Nec
318 2482 415 2537 poterat
430 2471 474 2522 sati
490 2473 581 2523 certior
595 2472 643 2523 else
657 2473 713 2523 mei.

212 2543 375 2610 Quocumque
385 2544 518 2611 aspiceres,
527 2545 604 2596 ludus
613 2546 763 2614 gemitusque
773 2545 911 2605 sonabanta

249 2617 268 2668 F
270 2633 384 2684 ormaque
399 2635 448 2669 non
464 2620 532 2669 taciti
547 2619 637 2669 funeris
651 2619 715 2670 intus
733 2631 795 2670 erat.

213 2691 326 2751 Femina,
337 2693 431 2759 virque,
441 2709 498 2743 tneo
508 2693 576 2759 pueri
587 2709 683 2758 quoque
694 2692 793 2750 sunere,
803 2705 926 2746 maerents

249 2765 325 2830 lnque
341 2766 414 2816 domo
429 2768 547 2832 lacrymas
562 2767 663 2834 angulus
680 2765 757 2816 omnis
767 2765 853 2816 haber.

169 2852 199 2901 25
216 2839 242 2889 si
258 2839 316 2890 licet
332 2840 448 2905 exemplis
465 2839 490 2888 in
504 2855 579 2906 parvo
597 2835 724 2907 grandibus
739 2837 795 2896 uri;

249 2912 311 2966 llec
327 2913 401 2966 facies
417 2911 521 2981 Trojae,
535 2913 590 2964 edm
607 2923 755 2984 caperetur,
771 2922 834 2962 erat.
