1975 3700
133 227 425 294 Fastorum
451 223 557 293 Lrn.
583 227 668 298 Ill.
720 245 770 322 75

65 344 184 410 Pracipue
201 344 295 410 cupiam
313 343 386 392 celari
402 343 518 403 Thesea,
540 353 615 392 nete

102 418 242 469 Consortem
259 418 336 482 culpe
350 417 454 484 gaudeat
471 414 518 466 effe
533 414 590 464 suae.

64 491 113 550 At,
130 505 207 556 puto,
225 491 353 558 preposita
369 489 401 538 est
417 489 488 538 fusce
506 487 565 537 mihi
581 489 683 541 candida
697 493 789 565 pellex.

100 565 200 616 Eveniat
216 564 300 614 nostris
317 562 421 613 hostibus
437 564 479 612 ille
497 561 586 612 color!

63 637 129 703 Quid
142 651 221 688 tannen
236 638 284 688 hoc
298 636 394 695 refert,
410 636 509 689 vitiosi
526 633 618 703 gratior
632 634 683 702 ipl'o
697 637 753 688 est?
779 654 831 704 495

98 711 162 776 Quid
177 710 253 764 facis?
274 711 397 777 amplexus
414 711 524 776 inquinat
539 710 584 766 illa,
594 721 660 759 tuos.

61 786 173 840 Bacche,
191 783 263 834 fidem
278 783 379 850 praelia3
397 799 443 832 nec
458 782 548 848 praeler
561 782 681 834 amoribus
697 785 769 835 ullam

98 849 214 926 Conjugis
229 856 438 920 all'uetaelemper
453 871 532 906 amare
547 856 635 906 virum.

61 931 185 998 Ceperunt
201 942 304 980 matrem
320 929 421 978 formosi
441 945 532 979 cornua
547 928 632 985 tauri,

96 1006 140 1055 Me
156 1017 217 1054 tua:
230 1017 254 1054 at
268 1004 307 1052 hic
322 1003 386 1052 laudi
403 1001 455 1061 est,
473 1003 514 1052 ille
530 1001 657 1067 pudendus
674 1017 751 1055 amor.
780 1020 832 1065 500

60 1080 98 1128 Ne
109 1090 196 1128 noceat
208 1077 273 1144 quod
284 1093 339 1128 amo
353 1092 360 1127 r
371 1093 450 1142 neque
461 1076 525 1126 enim
536 1076 590 1134 tibi,
598 1075 835 1140 Bacche,nocebat,

97 1150 168 1215 Quod
184 1151 289 1200 flammas
304 1149 373 1200 nobis
391 1149 460 1199 falsus
477 1167 504 1200 es
520 1149 570 1216 ipse
586 1160 649 1200 tuas.

58 1227 132 1283 Nec,
149 1225 215 1292 quod
231 1239 276 1294 nos
293 1223 363 1282 uris,
379 1223 464 1273 mirum
480 1223 541 1273 facis
552 1239 560 1274 ε
573 1236 641 1272 ortus
657 1223 681 1272 in
699 1224 755 1292 igne

95 1299 210 1357 Diceris,
228 1298 252 1349 δι
270 1296 346 1363 patrii
361 1309 444 1364 raptus
462 1299 491 1346 ab
507 1296 563 1365 igne
581 1313 663 1348 manu.

58 1373 103 1423 illa
119 1389 165 1439 ego
181 1371 249 1430 sum,
270 1371 310 1421 cui
328 1384 356 1421 tu
370 1371 453 1422 solitus
471 1371 615 1436 promittere
628 1371 729 1421 coelum.
779 1387 830 1436 505

94 1445 143 1495 Hei
158 1444 215 1495 mihi
228 1444 234 1493 !
247 1461 293 1511 pro
309 1445 373 1494 coelo
389 1446 469 1511 qualia
485 1446 548 1494 dona
563 1444 638 1493 ferol
854 1445 857 1451 '

56 1519 159 1570 Dixerat
171 1535 179 1570 t
191 1518 289 1568 audibat
302 1517 350 1583 jam
366 1517 455 1568 dudurn
469 1519 543 1568 verba
557 1516 681 1583 querentis

94 1592 185 1651 Liber,
204 1602 233 1641 ut
248 1609 263 1640 a
278 1586 430 1659 tergo'fortd
447 1589 542 1640 secutus
559 1602 620 1639 erat.

56 1664 170 1730 Occupat
187 1663 317 1728 amplexu,
335 1663 501 1730 lacrymasque
517 1679 561 1728 per
576 1663 658 1712 oscula
673 1663 769 1724 siccat;

93 1737 145 1796 Et,
166 1735 260 1786 Pariter
276 1737 331 1784 coeli
344 1735 432 1784 summa
449 1739 578 1800 petamus,
598 1735 640 1784 ait.
781 1754 832 1803 5¹0

54 1811 96 1863 Tu
113 1809 172 1861 mihi
186 1808 265 1875 junila
277 1821 352 1869 roro,
369 1809 425 1859 mihi
440 1807 522 1875 junna
536 1809 657 1860 vocabula
673 1809 747 1863 sume.

92 1885 146 1937 Jam
161 1884 207 1935 tibi
223 1896 320 1936 mutatae
338 1884 425 1934 Libera
441 1898 531 1933 nomen
549 1884 605 1935 erit.

54 1960 157 2026 Sintque
175 1972 223 2010 tuae
237 1971 319 2009 tecum
335 1958 422 2008 faciam
440 1970 596 2007 monumenta
612 1967 729 2017 rorone,

90 2034 217 2085 Vulcanus
234 2032 327 2087 Veneri
343 2048 412 2099 quarn
427 2031 511 2091 dedit,
529 2032 570 2081 illa
585 2031 640 2083 tibi.

51 2106 125 2175 Didia
132 2107 208 2164 facit,
216 2120 367 2175 gemmasque
377 2120 465 2155 novem
474 2102 661 2156 transformatin
671 2104 755 2173 ignes:
779 2122 807 2170 51
814 2126 829 2173 5

90 2180 172 2230 Aurea
187 2196 231 2246 per
246 2180 324 2229 stellas
339 2194 403 2227 nunc
418 2178 491 2227 micat
505 2180 547 2227 illa
561 2194 659 2228 novem.

50 2252 127 2304 SEX
145 2252 187 2304 ubi
199 2252 335 2311 sustulerit,
353 2251 456 2301 totidem
471 2249 628 2308 demerserit,
646 2251 718 2302 orbes
729 2286 738 2311 ‚

88 2326 240 2393 Purpureum
255 2324 339 2391 rapido
356 2325 397 2389 qui
414 2325 484 2374 vehit
500 2340 545 2374 axe
562 2324 647 2382 diem3

49 2399 138 2451 Altera
154 2399 276 2466 gramineo
292 2397 407 2463 spedabis
423 2397 523 2463 Equiria
538 2414 644 2465 campo,

89 2472 173 2536 Quem
186 2471 266 2521 Tibris
280 2472 359 2521 curvis
372 2471 397 2519 in
412 2472 475 2521 latus
490 2468 563 2538 urget
576 2471 654 2539 aquis.
776 2488 827 2537 520

47 2546 102 2610 Qui
117 2556 200 2593 tamen
216 2543 294 2610 ejedir
311 2546 332 2595 si
345 2545 410 2594 forte
425 2543 548 2593 tenebitur
561 2545 646 2605 unda,

87 2618 183 2667 Coelius
200 2617 303 2682 accipiat
317 2617 503 2684 pulverulentus
519 2634 607 2683 equos.

44 2690 196 2744 IDIBUS
213 2690 246 2740 eli
263 2689 340 2740 Annae
355 2688 438 2739 festum
454 2690 548 2758 geniale
563 2688 699 2751 Perenne,

87 2764 163 2815 Haud
177 2764 264 2830 procul
280 2780 294 2813 a
308 2763 384 2829 ripis,
404 2764 497 2813 advena
513 2764 601 2823 Tibri,
618 2766 674 2816 tuis.
702 2758 707 2766 ¹

43 2839 123 2892 Plebs
139 2838 226 2897 venit,
247 2854 275 2887 ac
285 2837 375 2888 virides
391 2837 478 2902 passim
494 2836 592 2904 disjeila
606 2856 652 2904 per
667 2838 754 2888 herbas
775 2854 806 2901 5²
812 2855 825 2902 5

85 2911 183 2970 Potat;
204 2911 364 2965 &accumbit
381 2926 436 2963 cum
450 2927 509 2979 pare
526 2912 627 2978 quisque
644 2911 716 3033 lug„

700 2999 717 3047 ¹l
