1975 3700
193 243 473 313 Tarentum
500 244 601 313 Lan.
629 244 657 313 I.
710 248 784 340 167

75 366 174 432 Jamque
193 364 348 431 quiescebant
362 380 438 413 voces
453 363 625 430 hominumque
640 381 791 434 canumque,

112 438 228 505 Lunaque
244 439 375 488 notlurnos
389 439 438 486 alta
453 438 556 505 regebat
570 454 666 504 equos:

75 512 145 563 Hanc
160 528 208 579 ego
222 511 369 578 suspiciens,
384 510 452 561 &ab
466 511 512 560 hac
527 510 650 575 Capitolia
663 528 782 575 cernens,

113 585 175 649 Quae
191 584 272 634 nostro
286 584 369 634 frustra
384 582 463 649 juntia
481 584 550 633 fuere
565 584 619 635 Lari
628 600 638 643 ς
794 602 826 655 3c

41 659 43 665 ’
76 658 182 708 Numina
194 658 280 707 vicinis
296 657 427 707 habitantia
441 655 552 716 sedibus,
570 657 684 724 inquam,

112 730 213 797 Jamque
231 730 307 781 oculis
322 747 448 796 numquam
460 733 551 795 templa
565 731 669 782 videnda
684 734 762 794 meis,

76 802 159 870 Dique
175 803 343 869 relinquendi,
357 820 418 869 quos
432 802 498 852 Urbs
512 804 585 853 habet
600 806 649 855 alta
665 807 781 872 Quisiui;

113 874 167 926 Este
181 876 276 926 salutati
290 888 385 942 tempus
400 877 426 925 in
440 892 512 925 omne
527 876 595 930 mihi.

76 950 109 1001 Et
125 966 266 1016 quamquam
284 946 337 999 seru
353 950 464 1017 clypeum
480 948 533 1015 post
547 950 649 1001 vtilnera
663 952 748 1013 sume,
795 969 825 1022 35

113 1022 230 1073 Attamen
245 1024 307 1073 hanc
324 1022 384 1073 odiis'
397 1036 532 1073 exonerate
548 1022 649 1090 fugatus

78 1095 224 1163 Coeleliique
240 1096 312 1154 vire,
331 1096 382 1162 quis
401 1112 440 1145 me
457 1095 583 1162 deceperit
597 1113 686 1157 error,

113 1170 197 1219 Dicite
213 1186 282 1237 apro
299 1169 369 1235 culpi
384 1186 416 1219 ne
432 1168 509 1219 scelus
525 1168 571 1219 eise
588 1182 667 1234 putet.

77 1242 131 1301 Ut,
146 1242 211 1309 qued
225 1260 271 1292 uos
286 1242 370 1302 scitis,
386 1258 464 1309 poenae
479 1259 577 1310 queque
592 1244 678 1295 sentiat
692 1246 784 1297 audior.

115 1314 231 1375 Placete,
246 1315 336 1383 pellunt
352 1333 401 1367 non
416 1316 487 1365 miser
503 1315 570 1375 effe,
590 1317 658 1367 Deo.
795 1337 831 1383 40

78 1389 132 1438 Hac
146 1406 220 1455 prece
237 1390 336 1441 adoravi
353 1391 459 1455 Superos
477 1406 526 1458 ego
540 1405 549 1440 t
564 1391 673 1456 pluribus
686 1408 768 1456 uxor,

114 1462 226 1530 Singultu
241 1464 335 1513 medios
351 1464 515 1530 prepediente
533 1462 614 1513 senos.

77 1536 124 1587 llla
138 1537 228 1593 etlam,
244 1548 300 1586 ante
316 1536 389 1587 Lares
404 1536 479 1602 passis
497 1536 613 1602 prestrata
629 1538 740 1605 capillis,

118 1607 229 1677 Contigit
243 1608 368 1659 exstindtus
385 1623 428 1659 ore
444 1621 566 1659 tremente
579 1610 661 1661 focos.

77 1681 209 1747 Multaque
227 1682 251 1730 in
269 1682 366 1731 aversos
384 1680 469 1731 effudit
483 1684 560 1731 verba
575 1681 698 1743 Penates,
797 1702 829 1748 43

116 1754 164 1805 Pro
181 1756 308 1820 deplorato
324 1770 374 1804 nen
387 1755 490 1805 valitura
506 1754 571 1805 viro.

77 1829 180 1894 Jamque
196 1844 270 1878 morae
287 1828 385 1894 spatium
400 1844 458 1878 mox
471 1828 619 1896 praecipitata
631 1829 756 1896 negabat,

116 1902 242 1968 Versaque
258 1902 288 1950 ab
304 1919 350 1952 axe
367 1902 410 1952 suo
425 1901 545 1952 Parrhasis
560 1901 647 1952 Artius
664 1916 726 1954 etat.

79 1975 148 2040 Quid
162 1975 268 2026 facerem
285 1971 296 2025 i
311 1975 399 2026 blando
415 1977 499 2041 patriae
512 1976 634 2026 retinebat
648 1992 750 2028 amore:

118 2049 209 2099 Ultima
224 2049 264 2100 sed
278 2046 343 2115 julsae
359 2067 408 2100 nor
424 2060 475 2098 erat
490 2050 530 2098 illa
544 2051 616 2116 fuge.
804 2068 835 2113 50

81 2121 123 2173 Ah
139 2120 145 2171 !
163 2122 258 2188 quoties
272 2123 353 2189 aliquo
371 2123 421 2172 dini
438 2121 604 2188 properante!
620 2121 687 2186 Quid
699 2123 793 2191 urges?

119 2195 170 2246 Vel
185 2193 233 2261 qud
247 2194 343 2246 festines
358 2194 412 2252 ite,
426 2197 467 2244 vel
481 2193 564 2253 unde,
581 2195 647 2243 vide.

82 2267 146 2318 au!
162 2269 257 2334 quoties
273 2280 364 2318 certam
379 2283 418 2317 me
433 2267 482 2318 sum
497 2267 614 2317 mentitus
626 2268 716 2318 habere

120 2339 231 2398 Horam,
247 2341 379 2406 preposite
395 2357 447 2406 quae
462 2339 529 2390 soret
543 2352 599 2406 apta
612 2339 674 2390 vie!

83 2413 137 2464 Ter
152 2413 224 2462 limen
239 2413 308 2480 tetigi
326 2431 335 2472 3
350 2428 388 2464 tet
403 2414 451 2464 sum
467 2425 598 2464 revocatus
614 2429 622 2463 t
639 2412 732 2481 &ipse
772 2455 776 2460 .
806 2432 836 2481 55

122 2486 252 2552 Indulgens
268 2487 346 2537 auimo
360 2503 403 2552 pes
417 2487 475 2536 mihi
489 2487 571 2537 tardus
588 2499 650 2538 etat.

86 2559 177 2624 Saepe,
193 2559 257 2610 Vale
273 2559 355 2618 diuo,
372 2559 452 2609 rursus
467 2559 517 2608 sum
529 2561 603 2610 multa
618 2562 733 2621 locutum

123 2633 155 2682 Et
170 2632 237 2698 quasi
254 2632 380 2682 discedens
395 2631 476 2681 escula
492 2631 579 2681 summa
596 2633 664 2684 dedi·

88 2707 159 2772 Saepe
176 2705 261 2754 eadem
276 2705 388 2754 mandata
405 2705 460 2754 dedi
477 2721 486 2756 s
504 2722 590 2773 meque
604 2707 654 2772 ipse
669 2707 765 2768 fefelli,

128 2777 269 2844 Respiciens
286 2778 365 2828 dculis
380 2777 481 2844 pignora
498 2795 552 2830 cara
567 2781 637 2830 meis.
810 2780 845 2831 60

88 2848 843 2921 Denique,Quidpropero?Scythiaell,qudmittimur,inquam
856 2877 859 2884 ·

129 2925 208 2977 Roma
222 2924 379 2994 relinquenda
393 2923 427 2977 est
442 2941 450 2976 ι
468 2937 569 2993 utraque
583 2925 642 2994 julia
657 2928 780 2979 mera-eli.
