1975 3700
150 254 441 336 ans'rru'sr
467 266 575 335 ΗΒ.
600 266 662 337 11.
716 286 790 361 197

69 382 112 433 Sic
127 384 238 435 madidos
254 385 332 435 siccat
348 383 429 453 digitis
443 385 531 439 Venus
545 384 593 435 uda
610 386 732 452 capillos.

107 451 145 507 Et
161 456 236 508 modd
251 458 365 509 maternis
382 458 446 509 tetta
461 458 561 509 videtur
575 459 653 525 aquis.

68 531 143 579 Bella
157 530 242 581 sonant
258 532 320 590 alii,
339 530 396 581 telis
412 530 522 581 instructa
539 532 669 591 cruentiss

110 600 220 670 Parsque
236 603 272 654 tui
288 604 404 672 generis,
421 621 477 670 pars
492 617 536 655 tua
551 604 614 654 fasta
628 618 727 659 mount.
799 620 851 671 530

69 676 159 725 invida
174 693 215 726 me
230 676 307 743 spatio
321 678 413 727 Natura
429 677 541 729 coercuit
553 677 640 737 ullo,

109 749 214 815 Ingenio
231 750 295 801 vires
311 752 459 817 exiguasque
477 750 554 801 dedit.

71 822 105 872 Et
122 834 206 873 samen
222 822 264 873 ille
279 834 328 872 tuae
343 824 404 875 felix
417 822 540 874 AEneidos
554 823 657 885 auster,

112 894 252 945 Contulit
245 913 270 945 tn
286 894 377 963 Tyrios
392 914 457 947 mma
472 897 598 964 virumque
613 910 704 957 toros,

72 970 130 1019 Nec
144 970 237 1037 legitur
251 985 306 1035 pars
321 971 370 1019 ulla
385 971 463 1037 tnagis
478 970 509 1020 de
525 987 631 1037 corpore
645 984 721 1030 toto,
799 986 847 1037 535

113 1040 195 1104 Qudrn
208 1058 258 1091 non
273 1043 381 1110 legitimo
398 1043 492 1095 ioedere
507 1043 602 1109 junctus
617 1062 695 1095 amor.

74 1114 194 1188 Phyllidis
211 1115 250 1165 hic
266 1116 349 1175 idem,
369 1129 518 1183 tenerosque
533 1116 713 1185 Amaryllidis
706 1134 792 1185 sgoer,

112 1186 257 1239 Bucolicis
249 1190 346 1255 juvenis
365 1190 452 1241 luserat
469 1199 526 1241 ante
539 1191 627 1241 modis

74 1262 129 1311 Nos
148 1278 245 1328 quoque
263 1260 419 1329 jampridem
436 1264 526 1329 scripto
543 1264 699 1330 peccavimus
716 1280 776 1313 uno.

111 1332 261 1400 Supplicium
277 1338 366 1399 patitur
381 1353 431 1387 non
446 1352 511 1387 nova
524 1338 596 1403 culpa
610 1354 711 1388 novum.
798 1353 850 1399 540

75 1406 236 1476 carminaque
251 1409 393 1469 edideram,
413 1406 467 1460 crim
484 1422 510 1460 te
527 1409 614 1463 delicta
628 1425 753 1463 notantem

111 1480 221 1531 Praetcrii
239 1482 314 1533 toties
327 1483 382 1547 jure
399 1484 496 1549 quietus
511 1500 597 1550 eques.
694 1538 698 1543 ,

75 1554 142 1621 Ergo
154 1573 235 1622 „quae
248 1553 333 1621 juveni
348 1557 406 1607 mihi
422 1572 471 1608 non
488 1558 600 1609 nocitura
615 1558 700 1625 putaui

110 1627 209 1694 Scripta
225 1645 308 1693 parum
324 1630 449 1695 prudens,
468 1646 532 1682 nunc
546 1647 655 1681 nocuere
670 1628 741 1681 seni?

74 1700 134 1751 Sera
151 1700 296 1752 redundavit
308 1703 398 1752 veteris
412 1702 515 1753 vindicta
530 1704 629 1763 libelli,
800 1716 848 1765 545

111 1774 192 1824 Distat
210 1774 236 1825 δι
251 1792 265 1825 a
281 1776 361 1826 meriti
378 1788 489 1841 tempore
504 1792 576 1843 poena
591 1777 635 1826 sui.

73 1849 113 1899 Ne
127 1861 210 1898 tamen
228 1865 299 1898 omne
315 1865 395 1900 meum
407 1851 492 1900 credas
510 1867 571 1916 opus
587 1848 635 1902 effe
651 1847 789 1908 remilium,

110 1921 183 1989 Saepe
198 1922 254 1972 dedi
269 1922 355 1974 nostra·
368 1924 466 1990 grandia
479 1925 535 1973 vela
551 1925 608 1975 rati.

75 1994 124 2045 Sex
139 2011 189 2062 ego
204 1995 325 2046 Fastorum
342 1996 425 2063 scripsi
439 1997 591 2064 totidemque
606 1997 723 2057 libellos3

112 2068 227 2135 Cumque
243 2069 285 2119 suo
300 2067 372 2120 finem
391 2071 472 2121 mense
489 2071 606 2121 volumen
620 2071 704 2120 habet.
798 2084 857 2133 550·

75 2141 153 2206 ldque
170 2152 216 2192 tuo
232 2159 310 2209 nuper
324 2143 438 2209 scriptum
455 2143 496 2193 snb
514 2144 631 2203 nomine,
652 2142 751 2203 Caesar,

111 2215 144 2264 Et
160 2214 206 2264 tibi
223 2215 339 2267 sacratum
356 2217 406 2267 sors
420 2231 474 2266 mea
490 2217 555 2282 rupit
571 2233 643 2282 opus.

75 2288 107 2337 Et
125 2288 236 2344 dedimus
251 2291 347 2374 tragicis
365 2290 478 2355 scriptum
494 2291 577 2358 regale
594 2289 741 2348 cothurnis,

101 2359 228 2445 Quaeque
245 2364 322 2430 gravis
340 2363 427 2417 debet
429 2365 505 2412 verba
523 2364 655 2416 cothurnus
672 2363 756 2412 habet.

75 2425 199 2500 Didiaque
211 2433 362 2496 suntnobis,
381 2435 487 2503 quamvis
503 2453 585 2488 manus
596 2436 679 2487 ultima
691 2448 774 2502 coepto
801 2448 850 2498 555

112 2507 225 2567 Defuit,
246 2508 270 2558 in
284 2508 360 2558 iacies
376 2525 479 2575 corpora
492 2509 561 2560 versa
576 2526 661 2560 novas.

73 2581 160 2650 Atque
175 2580 267 2632 utinam
281 2598 385 2633 revoces
400 2583 503 2633 animum
517 2583 636 2650 paulisper
652 2582 704 2633 ab
696 2580 751 2634 rra!
824 2641 827 2644 ⁴

113 2653 146 2705 Et
162 2671 243 2705 vacuo
258 2652 342 2720 jubeas
359 2655 416 2706 hinc
432 2655 475 2705 tibi
491 2673 569 2722 pauca
583 2655 653 2724 legi!

75 2728 174 2786 Pauca,
199 2727 284 2794 quibus
301 2728 376 2794 primi
393 2729 490 2796 surgens
506 2729 537 2779 ab
553 2730 646 2799 origine
662 2727 763 2785 mundi,

113 2801 143 2852 ln
159 2812 203 2850 tua
218 2800 308 2852 deduxi
324 2813 452 2868 tempora,
472 2801 570 2861 Caelar,
591 2818 652 2869 opus
665 2816 673 2852 t
803 2798 854 2864 560

75 2872 208 2940 Aspicies,
226 2887 340 2941 quantum
358 2875 453 2925 dederis
470 2875 528 2925 mihi
543 2875 647 2941 pedoris
664 2873 737 2942 ipses

115 2947 226 3017 Quoque
243 2947 328 3000 favore
346 2948 418 2999 animi
434 2960 508 3016 teque
524 2961 630 3015 tuosque
648 2963 740 2998 canam.

693 3019 744 3088 liii
