1975 3700
116 228 421 295 Fnsronun
448 225 554 293 [ιιι.
584 224 650 293 VI.
706 246 779 319 ¹47

66 348 142 399 Nunc
157 346 220 395 bene
236 344 324 394 lucetis
342 342 415 394 sacrae
431 342 583 395 subcelare
600 345 722 399 flammea
786 363 839 408 ⁴55

19 418 20 423 ’
104 420 170 487 ignis
184 419 209 468 in
222 417 305 469 iliacis
321 434 384 469 nunc
401 419 467 477 erit,
484 417 585 484 estque,
600 419 672 469 focis.

67 495 191 558 Nullaque
204 491 298 542 dicetur
311 491 384 541 vittas
397 490 522 541 tetueraffe
537 492 669 551 sacerdes,

19 560 20 565 ’
107 566 163 623 Hoc
181 565 253 615 Duce
263 582 272 623 ς
293 580 339 615 nec
354 565 410 615 vivi
427 566 566 615 defodietur
579 566 664 615 humo.

67 640 109 691 Sic
123 638 212 689 incesta
227 639 291 704 perit
306 654 314 689 t
329 638 385 705 quia
401 655 471 705 quam
487 640 608 698 violavit,
626 640 652 689 in
668 641 733 690 illam

109 712 247 763 conditur:
261 712 287 762 ἃ
302 711 388 763 Tellus
403 712 526 779 Vestaque
540 728 628 764 numen
645 714 709 762 idem
722 713 764 765 eli.
789 714 843 774 460

67 787 135 837 Tum
151 786 196 835 sibi
213 784 324 835 Callaico
340 785 429 835 Brutus
446 800 584 853 cognomen
599 787 624 835 in
640 788 707 837 hoste

106 860 195 917 Fecit,
214 858 381 925 &Hispanam
399 859 511 927 sanguine
526 859 597 909 tinxit
612 860 719 911 humum.

68 934 170 985 Scilicet
184 932 305 982 interdum
319 932 448 983 miscentur
463 932 537 983 tristia
553 933 635 992 tatis,

107 1006 148 1055 Ne
165 1007 280 1071 populum
296 1017 353 1055 toto
370 1006 469 1073 pedore
482 1005 541 1055 festa
557 1004 653 1071 juvent.

70 1078 166 1130 Craffus
181 1080 211 1129 ad
222 1079 361 1143 Euphraten
372 1079 488 1147 Aquilae,
505 1091 654 1145 natumque,
669 1078 773 1148 suosque
791 1082 842 1146 465

109 1152 235 1202 Perdidit:
251 1153 276 1202 dt
292 1153 344 1203 leto
360 1152 394 1203 est
409 1152 507 1203 ultimus
522 1152 574 1219 ipse
591 1152 671 1203 datus.

69 1226 175 1285 Parme,
194 1226 251 1292 quid
265 1224 389 1276 exsultas?
405 1226 464 1277 dixit
479 1227 554 1277 Dea:
568 1218 636 1295 ei'gna
649 1226 781 1286 remittent

110 1299 208 1367 Quique
224 1315 310 1349 necem
327 1299 409 1351 Crassi
423 1299 551 1359 vindicet,
571 1302 638 1351 ultor
653 1301 711 1354 etit.

69 1373 125 1423 AT
138 1374 211 1423 simul
226 1374 310 1424 auritis
325 1373 397 1425 violae
412 1374 542 1425 demuntur
555 1373 654 1434 asellis,

109 1446 142 1497 Et
160 1446 257 1497 Cereris
273 1446 355 1514 fruges
372 1446 454 1514 aspere
469 1447 523 1498 saxa
539 1458 646 1506 tetemet
792 1463 847 1512 470

68 1520 161 1571 Navita
176 1536 257 1587 puppe
276 1518 380 1580 sedens,
399 1520 522 1591 Delphina
535 1521 690 1580 videbimus,
706 1521 804 1589 inquio

110 1592 216 1643 Humida
232 1592 286 1641 edm
304 1593 372 1658 pulso
388 1594 498 1643 nexerit
513 1607 568 1643 orta
583 1593 632 1643 die.
726 1652 730 1662 Ι

69 1665 86 1720 J
89 1666 144 1715 AM
160 1664 259 1732 Phryx,
276 1682 290 1713 a
301 1678 374 1731 nupta
388 1667 497 1730 quereris
508 1696 517 1723 ,
527 1665 637 1717 Tithene
648 1699 657 1725 ‚
668 1666 772 1735 relinqui
781 1685 792 1727 5

111 1739 143 1789 Et
158 1738 217 1805 vigil
234 1732 293 1787 Eois
309 1738 406 1789 Lucifer
421 1738 471 1789 exit
487 1738 567 1804 aquis.

70 1815 112 1866 lte
125 1844 132 1869 ‚
147 1812 217 1862 bone
231 1822 340 1871 matres,
354 1810 458 1863 vestiunt
473 1810 706 1866 maenianum:
792 1828 845 1877 475

110 1887 232 1953 Flavaque
249 1885 373 1937 Thebane
388 1886 483 1938 reddite
500 1886 549 1937 liba
566 1886 639 1937 Dee.

72 1960 194 2011 Pontibus
211 1959 238 2010 δι
255 1977 342 2028 magno
356 1959 435 2026 juncia
451 1959 485 2010 est
499 1960 656 2011 celeberrima
670 1959 749 2012 Circe

112 2034 195 2096 eirea,
216 2051 269 2100 quae
284 2035 365 2100 posito
383 2035 413 2084 de
428 2035 493 2088 bove
509 2051 598 2084 nomen
612 2034 697 2087 habet.

72 2107 128 2156 Hac
143 2108 176 2156 ibi
190 2109 245 2156 luce
262 2108 343 2158 ferunt
359 2108 463 2158 Matutae
478 2108 544 2158 sacra
559 2108 654 2173 petenti

113 2181 272 2246 Sceptrifetas
288 2181 358 2231 Servi
375 2182 465 2248 temple
482 2180 571 2230 dedisse
588 2195 682 2230 manus·
795 2181 850 2244 480

74 2251 139 2316 Qnae
155 2253 211 2303 Dea
227 2251 280 2304 sit?
300 2271 374 2320 quare
388 2254 489 2304 famulas
504 2271 519 2302 n
534 2254 618 2303 limine
632 2252 718 2318 templi

114 2324 226 2376 Arcen?
245 2325 335 2388 (arcet
352 2327 436 2394 enim)
456 2328 552 2391 libaque
565 2325 628 2376 teste
643 2321 736 2392 petat.²

75 2399 194 2454 Bacche,
213 2400 370 2450 racemiferos
385 2399 475 2450 hedeni
493 2400 605 2450 redimite
622 2401 741 2466 capillos.

113 2472 140 2520 Si
157 2471 242 2521 dumus
258 2473 298 2522 ilia
315 2485 357 2522 tua
371 2472 423 2532 est,
445 2474 524 2540 dirige
538 2475 609 2524 navic
621 2473 678 2524 iter.

75 2544 179 2597 Arsetat
192 2543 308 2610 obsequio
326 2546 422 2596 Semele
441 2546 510 2600 Jovie
524 2562 533 2596 t
549 2548 638 2614 accipit
654 2547 701 2599 ine
797 2545 848 2608 485

114 2617 174 2676 Te,
193 2633 274 2685 pueta
294 2619 320 2669 δι
336 2617 425 2676 summi
440 2619 522 2670 sedula
534 2623 612 2672 nutrit
629 2637 689 2687 ope·

74 2690 194 2742 Intumuit
212 2690 296 2749 June,
312 2692 380 2758 rapti
397 2693 463 2760 quod
478 2693 566 2759 pellice
582 2706 664 2746 natum

116 2763 235 2816 Educet:
251 2779 277 2817 at
293 2765 387 2835 sanguis
403 2768 443 2817 ille
459 2767 547 2818 sororis
561 2779 624 2819 erat.

78 2838 146 2888 Hinc
161 2839 239 2906 agitur
255 2841 323 2890 iuriis
336 2841 467 2901 Athamas,
482 2843 508 2894 δι
525 2843 627 2910 imagine
641 2838 719 2890 falsie

115 2911 204 2979 Tuque
221 2914 286 2968 cedis
302 2915 398 2988 patrii,
415 2932 488 2984 parve
505 2915 615 2968 Learche
626 2947 635 2974 ,
645 2917 734 2964 'mann
797 2927 850 2974 490

688 2988 713 3040 G
725 2986 743 3051 ij
