1975 3700
151 242 695 314 Fasronurrlrml.
746 263 796 338 37

85 364 195 430 Quaeque
207 364 272 429 capit
282 362 353 412 iiiior
364 364 473 414 domibus
483 364 623 432 purgamina
635 366 709 414 certis
720 398 729 422 ,

121 438 226 487 Torrida
241 452 295 484 cum
308 436 371 485 mici
381 437 463 495 farra,
480 451 601 488 vocantur
613 437 686 486 idem.

86 511 183 560 Nomen
194 511 257 559 idem
268 525 334 559 ramo
348 526 357 566 ;
375 511 415 575 qui
430 511 504 560 caesus
519 513 552 559 ab
560 512 648 560 arbore
657 509 737 578 puri,
811 525 827 559 2
828 527 844 576 5

122 582 192 633 Casta
208 583 358 632 sacerdotum
372 594 483 650 tempora
497 583 584 634 fronde
599 585 673 650 tegit.

86 656 139 724 lpse
150 671 198 723 ego
209 655 351 704 flaminicam
361 656 501 721 poscentem
516 657 599 706 februa
614 657 664 706 ridi
675 673 683 707 ε
786 678 793 691 ·

124 729 217 779 Februa
232 728 342 793 poscenti
355 730 426 794 pinea
440 731 509 796 uirga
524 731 578 779 data
592 729 635 780 eli.

86 802 201 868 Denique
213 802 384 870 quodcumque
393 801 425 851 eli
437 837 444 860 ,
457 819 506 868 quo
517 802 615 869 pestere
625 802 703 852 ndstra
713 801 826 869 piamur,

124 875 181 925 Hoc
193 876 254 939 apud
263 873 371 924 intonsos
386 891 475 924 nomen
489 877 596 925 habebat
606 893 674 926 avos.
811 889 845 940 30

84 947 182 998 Mensis
194 949 223 996 ab
237 949 272 998 his
288 948 383 1008 didus,
401 948 462 998 serii
475 950 531 1014 quia
545 950 611 1013 pelle
622 949 726 1014 Luperci

124 1021 208 1070 Omne
224 1021 298 1071 solum
312 1021 428 1079 lustrant,
446 1022 521 1088 idque
534 1023 631 1087 piamen
645 1023 745 1070 habent.

85 1093 139 1144 Aut
154 1094 209 1158 quia
223 1095 324 1158 placatis
335 1094 389 1143 lunt
403 1107 515 1160 tempora
526 1111 587 1160 pura
600 1095 735 1160 sepulcris,

121 1167 194 1216 Tunc
210 1167 263 1216 crim
277 1169 365 1217 ferales
381 1169 521 1233 praeteriere
536 1168 597 1217 dies.

85 1238 168 1290 Omne
183 1240 272 1296 nefas,
288 1257 433 1306 omnemque
441 1241 496 1290 mali
507 1241 648 1308 purgamina
663 1241 756 1291 eausam
813 1253 846 1306 35

124 1313 262 1362 Credebant
276 1313 347 1363 nostri
361 1316 450 1364 tollere
465 1313 532 1380 polle
547 1315 626 1364 senes.

86 1385 185 1438 Graecia
195 1387 337 1453 principium
348 1388 420 1436 moris
432 1388 480 1436 fuit
492 1403 500 1437 r
514 1389 554 1436 illa
569 1399 689 1438 nocentes

122 1460 196 1523 impia
210 1460 320 1509 lustratos
333 1477 425 1528 ponere
435 1460 495 1509 iadla
510 1471 587 1526 putat.

82 1531 216 1582 Auoriden
229 1532 335 1589 Peleus,
353 1534 427 1600 ipsum
442 1549 539 1599 quoque
551 1532 624 1582 Pelea
636 1531 714 1582 Phoci

122 1605 196 1655 Caede
210 1621 254 1671 per
267 1606 405 1656 Haemonias
416 1606 487 1655 solvit
499 1605 601 1655 Acastus
612 1623 698 1671 aptas.
807 1619 843 1665 4ο

80 1679 190 1730 Veliam
200 1679 299 1728 frenatis
313 1695 357 1745 per
367 1681 437 1728 inane
449 1679 592 1728 draconibus
604 1677 699 1746 AEgeus

120 1751 241 1817 Credulus
254 1751 371 1802 immeriti
381 1751 483 1802 Phasida
494 1752 557 1801 fovit
569 1767 628 1817 ope.

80 1824 273 1891 Amphiaraides
285 1823 426 1892 Naupalloo
439 1826 571 1883 Acheloo,

119 1900 195 1949 Solve
210 1900 294 1957 πώς,
314 1901 391 1949 dixit:
406 1900 478 1949 solvit
495 1900 578 1950 &ille
592 1898 670 1948 nefas.

78 1972 122 2022 Ah
138 1970 237 2021 nimitim
251 1972 355 2031 faciles,
374 1973 415 2039 qui
427 1972 503 2021 tristia
518 1972 616 2022 crimina
630 1971 702 2022 cerlis
803 1985 821 2033 4
828 1984 841 2032 5

120 2045 244 2095 Flumineis
256 2046 310 2096 tolli
321 2046 386 2112 polle
399 2046 490 2112 putetis
504 2045 565 2111 aqua
580 2046 587 2093 l

78 2118 132 2169 Sed
142 2132 241 2177 tamen,
258 2120 349 2185 antiqui
362 2135 393 2168 ne
408 2118 501 2168 nescius
517 2118 610 2168 ordinis
622 2132 710 2175 erres,

120 2190 228 2249 Primus,
243 2204 270 2241 ut
283 2193 335 2250 etl,
351 2191 404 2242 Jani
418 2192 527 2247 mensis,
541 2193 568 2241 8(
577 2204 636 2241 ante
649 2191 705 2239 fuit.

79 2263 138 2327 Qui·
147 2264 254 2329 sequitur
261 2264 351 2316 ‘Ianum
363 2298 371 2322 ,
387 2265 478 2314 veteris
485 2265 537 2313 duit
547 2265 647 2334 ultimus
660 2261 726 2312 anni.

119 2336 160 2385 Tu
174 2342 272 2403 quoque
284 2338 403 2387 laeromm
416 2370 424 2395 ,
439 2338 575 2396 Termine,
591 2336 646 2386 finis
658 2352 721 2386 eras.
807 2351 841 2401 50

77 2409 176 2461 Primus
190 2412 253 2459 enim
263 2410 316 2461 lani
332 2411 440 2468 mensis,
456 2411 510 2477 quia
523 2410 594 2475 janua
607 2411 683 2475 prima
693 2408 737 2459 est.
794 2437 798 2446 ι

119 2482 170 2546 Qui
181 2484 247 2533 sacer
262 2484 294 2533 eli
304 2484 358 2533 imis
369 2484 502 2541 Manibus,
517 2483 578 2536 linus
590 2494 654 2533 erat.

78 2555 212 2607 Postmodo
227 2557 361 2606 creduntur
371 2556 446 2623 spatio
462 2557 570 2605 distantia
582 2558 661 2624 longo

118 2630 241 2695 Tempora
256 2630 291 2679 bis
302 2630 367 2697 quini
378 2630 526 2679 continualle
538 2630 603 2680 Viri.

78 2701 99 2753 P
108 2702 131 2751 R
139 2703 148 2750 l
156 2704 179 2751 N
187 2702 208 2752 C
215 2704 225 2751 l
233 2702 269 2751 Pl
277 2704 302 2753 O
311 2704 399 2753 mensis
408 2737 415 2761 ,
427 2702 538 2771 Phrygiae
549 2701 698 2755 contermina
709 2701 793 2761 Matri,
806 2716 817 2765 5
825 2715 838 2763 5

119 2776 213 2839 Sospita
229 2776 334 2827 delubris
350 2777 436 2827 dicitur
448 2777 518 2825 anua
532 2778 612 2826 noris.

80 2848 156 2899 Nunc
166 2849 208 2897 ubi
217 2849 265 2898 sint
276 2850 321 2900 illis
331 2881 340 2905 ,
356 2850 442 2915 quaeris
454 2883 461 2906 ,
480 2850 569 2919 sacrata
580 2848 714 2908 kalendis,
733 2874 737 2881 ·
790 2869 797 2885 ι

118 2920 318 2989 TempleDesei
336 2925 411 2992 longo
424 2924 577 2989 procubuere
592 2923 644 2976 die·
666 2970 669 2977 .
750 2938 757 2951 '
