1975 3700
384 264 528 355 198
563 262 648 334 P.
681 262 938 334 orm.
967 260 1165 330 NAs.
1190 238 1463 332 Tms'r.
1497 263 1581 335 L.
1611 265 1707 334 II.

377 382 498 434 Non
525 397 621 449 ego
653 379 866 431 mordaci
900 378 1129 431 destrinxi
1161 382 1371 431 carmine
1405 398 1729 452 quemquam,

451 456 562 506 Nee
593 471 730 505 meus
766 453 909 505 ullius
943 453 1141 503 crimina
1174 455 1339 505 versus
1369 455 1555 511 habet„

262 525 358 593 565
386 528 630 580 Candidus
660 547 689 578 a
715 527 887 578 salibus
920 525 1105 577 suffusis
1137 527 1255 577 felle
1282 528 1441 595 refugi
1467 544 1485 579 ε

455 602 604 653 Nulla
633 614 878 666 uenenato
909 601 1053 651 litera
1084 599 1231 650 mixta
1260 599 1379 666 joco
1413 601 1499 653 est.

382 675 519 726 Inter
548 686 627 725 tot
656 674 826 740 populi
846 708 863 734 ,
897 684 976 724 tot
1006 673 1167 738 scripti
1200 673 1343 724 millia
1373 674 1561 740 nostri,

452 746 621 812 Quem
648 764 757 797 mea
788 746 1013 813 Calliope
1044 747 1218 797 laeserit
1240 779 1256 806 ,
1291 764 1413 799 unus
1448 765 1565 817 ego.

383 821 500 871 Non
532 821 678 889 igitur
709 820 878 872 nostris
905 821 1054 870 ullum
1086 820 1298 887 gaudere
1331 820 1579 886 Quiritem

263 909 365 957 570
461 894 690 963 Auguror
713 927 728 953 ‚
747 906 808 943 .at
839 896 1018 944 multos
1049 892 1301 943 indoluisse
1325 926 1342 952 ,
1378 895 1533 945 malis.

383 969 492 1020 Nec
522 967 890 1034 mihi-credibile
921 966 988 1017 est
1017 982 1303 1033 quemquam
1321 966 1559 1019 insultasse
1586 967 1773 1037 jacenti
1790 1004 1813 1030 ‚

460 1040 634 1093 Gratia
661 1040 858 1093 candori
887 1040 932 1092 si
961 1057 1054 1106 qua
1082 1041 1235 1090 relata
1258 1056 1372 1091 meo
1403 1040 1490 1092 est.

383 1114 477 1167 His
510 1132 688 1182 precor
710 1149 727 1175 ,
765 1129 912 1181 atque
945 1113 1050 1164 aliis
1084 1114 1272 1179 possint
1296 1120 1381 1164 tua
1411 1113 1602 1165 numina
1634 1114 1764 1166 flesti
1789 1149 1810 1177 .

459 1188 510 1240 Ο
545 1188 688 1240 Pater
719 1189 736 1237 1
771 1204 803 1239 o
829 1187 1003 1256 Patria}
1032 1204 1146 1237 cura
1175 1187 1393 1253 salusque
1423 1200 1521 1239 tuae
1548 1187 1561 1237 !

265 1276 329 1324 57
338 1273 362 1326 5
391 1262 508 1314 Non
529 1263 654 1312 utin
676 1260 934 1312 Ausoniam
953 1260 1151 1312 redeam
1175 1292 1190 1320 ,
1232 1261 1324 1311 nisi
1343 1262 1555 1313 forsitan
1578 1262 1693 1312 olim
1713 1294 1734 1322 .

462 1332 589 1385 cum
620 1335 770 1403 longo
798 1350 956 1401 poenae
985 1347 1205 1401 tempore
1236 1334 1390 1385 vistus
1425 1335 1538 1385 eris.

385 1409 565 1460 Tutius
595 1409 813 1459 exsilium
835 1442 850 1467 ,
886 1410 1129 1476 pauloque
1163 1406 1373 1474 quietius
1394 1442 1409 1468 ‚
1451 1424 1540 1462 oto
1565 1421 1584 1461 2

458 1481 532 1533 Ut
559 1498 646 1549 par
675 1481 850 1538 denae
877 1482 942 1536 sit
969 1497 1079 1535 mea
1106 1497 1250 1550 poena
1279 1481 1386 1536 suo·
