1975 3700
202 247 249 340 78
301 249 341 316 P.
369 244 559 314 Ογιυιι
585 243 818 315 Nasam

203 368 294 434 Figitur
307 366 337 416 ad
351 365 458 417 Laurens
472 364 567 432 ingenti
582 363 678 412 flamine
693 362 751 414 litus

139 439 191 489 600
239 440 325 504 Puppis
339 456 347 497 ;
366 440 410 498 &‚
425 438 544 503 expositis
560 437 688 492 omnibus,
703 436 785 488 hausta
798 437 884 504 perit.

199 512 252 566 Jom
267 514 318 578 pius
332 511 423 564 AEneas
437 527 515 580 regno
530 511 635 576 natique
651 509 731 560 Latini

236 585 327 636 Aristus
343 599 415 644 erat,
434 587 539 652 populos
551 583 726 648 miscueratque
743 583 816 634 duos.

200 660 283 710 Litore
300 661 393 718 dotali,
414 659 465 708 solo
480 658 609 708 comitatus
623 655 737 714 Achate,

236 733 361 783 Secretum
378 732 442 783 nudo
459 732 515 782 dum
529 731 593 798 pede
608 729 686 794 carpit
699 728 765 788 iter3

137 805 170 857 60
176 821 188 869 5
201 806 295 872 Aspicit
310 815 452 863 errantem,
470 821 517 855 nec
532 803 633 854 credere
649 802 746 852 sustinet
763 801 864 855 Annam

236 879 308 930 Esset
321 880 400 947 quid'
394 897 418 928 rn
433 879 518 929 Latios
534 878 575 928 isla
589 876 686 926 veniret
699 873 795 943 agros.

199 953 266 1003 Dum
282 954 362 1005 secum
375 951 487 1004 AEneas:
498 952 571 1002 Anna
588 949 641 1007 est,
659 949 780 1000 exclamat
793 944 924 1002 Achates.

235 1027 273 1078 tld
290 1044 378 1078 nomen
394 1027 476 1078 vultus
493 1024 584 1074 suslulit
600 1023 640 1074 illa
654 1022 720 1074 suos.

199 1097 284 1164 Quis
283 1099 371 1168 ugias?
389 1100 446 1166 quid
459 1096 536 1166 agat?
554 1113 616 1164 quos
625 1107 698 1146 terrae
708 1108 798 1163 quaerat
808 1095 897 1148 hiatus
910 1096 923 1147 i

136 1173 188 1222 610
237 1173 302 1224 Ante
317 1174 402 1223 oculos
419 1170 510 1221 miserae
525 1171 574 1220 sata
592 1170 681 1220 sororis
697 1182 776 1220 erant.

198 1246 299 1305 Sensit,
320 1245 346 1296 &
360 1245 491 1310 alloquitur
502 1244 622 1328 trepidam
634 1242 784 1309 Cythereius
798 1242 902 1303 heros3

234 1320 289 1368 slet
305 1331 386 1368 tamen
402 1318 526 1368 admonitu
540 1317 645 1374 mortis,
663 1314 753 1372 Elissa,
771 1328 834 1365 tuae.

199 1393 286 1450 Anna.
298 1409 343 1458 per
353 1390 431 1442 hanc
424 1408 499 1457 puro
512 1408 583 1458 quam
592 1389 715 1456 quondam
723 1389 807 1440 audtre
816 1389 923 1442 solebas

234 1465 359 1516 Tellurem
375 1466 427 1514 sato
443 1464 597 1532 prosperiore
613 1463 683 1520 dari,

135 1539 185 1602 615
200 1538 294 1604 Perque
310 1539 379 1590 Deos
395 1536 517 1594 comites,
532 1539 577 1587 hac
591 1553 669 1603 nuper
684 1535 740 1586 sede
755 1536 877 1596 locatos,

234 1612 304 1677 Saepe
320 1629 385 1662 meas
401 1612 456 1662 illos
473 1609 614 1676 increpuisse
628 1625 718 1664 murat.

196 1685 251 1736 Nec
268 1686 336 1736 timui
354 1686 384 1736 de
400 1697 478 1736 morte
493 1697 576 1734 tamen
587 1699 595 1734 t
607 1696 686 1735 metus
699 1681 776 1732 abluit
793 1680 849 1732 itte.

235 1758 282 1808 Hei
301 1759 357 1808 mihi
372 1758 378 1807 l
393 1758 503 1810 credibili
520 1757 608 1807 sortior
623 1757 665 1806 illa
681 1756 736 1806 suit.

196 1831 235 1883 Ne
250 1832 315 1883 teser
327 1847 335 1883 t
347 1832 428 1898 aspexi
442 1849 491 1883 non
504 1829 547 1881 illo
561 1829 661 1897 pellere
675 1828 747 1897 digna

135 1906 187 1956 620
234 1906 362 1963 Vulnera,
377 1906 509 1955 Tartareas
522 1905 593 1955 ausus
607 1904 675 1953 adire
689 1904 785 1954 domos.

197 1977 232 2031 At
247 1991 291 2037 tu,
308 1978 349 2028 seu
363 1979 425 2028 ratio
440 1989 465 2028 te
479 1976 564 2028 nostris
579 1977 670 2043 appulit
685 1977 754 2033 oris.
808 2008 813 2016 ·

235 2051 291 2101 Sive
307 2050 396 2109 Deus,
416 2052 485 2118 regni
501 2051 627 2101 commoda
643 2066 716 2114 carpe
731 2046 789 2099 mei.

198 2125 277 2175 Multa
291 2124 334 2177 tibi
348 2140 484 2182 memores,
502 2124 536 2175 nil
549 2140 600 2175 non
615 2124 731 2174 debemus
746 2119 846 2180 Elisse3

235 2199 339 2249 Nomine
357 2210 423 2266 grata
437 2210 481 2249 tuo
494 2232 503 2257 ‚
518 2210 585 2265 grata
599 2196 706 2254 sororis,
723 2194 781 2246 eris.

136 2271 185 2335 625
199 2271 268 2322 Talia
283 2273 393 2330 dicenti,
411 2288 492 2338 neque
508 2271 572 2321 enim
585 2270 638 2335 spes
653 2271 729 2319 altera
745 2266 839 2325 reslat,

235 2345 365 2404 Credidit3
381 2361 478 2396 errores
495 2344 653 2410 exposuitque
670 2343 735 2393 suos.

197 2418 280 2486 thue
298 2420 394 2468 domum
408 2418 526 2476 intravit,
543 2416 635 2484 Tyrios
647 2415 731 2465 induta
744 2424 844 2480 paratus
857 2450 867 2475 ,

234 2492 322 2557 Incipit
334 2488 443 2546 AEners‚
461 2488 472 2553 (
488 2503 571 2541 cetera
584 2492 655 2541 turba
670 2489 735 2540 silet.
750 2488 762 2554 )

197 2563 267 2614 Hanc
279 2565 321 2615 tibi
334 2581 378 2615 cur
387 2564 478 2615 tredmn
491 2596 499 2622 ‚
515 2563 554 2629 pia
565 2564 634 2614 causa
645 2595 654 2620 ‚
670 2561 768 2613 Lavinia
778 2559 896 2627 conjux,

135 2636 150 2685 6
155 2650 187 2700 30
236 2637 275 2688 Esl
290 2638 345 2689 mihi
357 2654 364 2689 ε
377 2638 497 2689 consumsi
510 2637 640 2703 naufragus
653 2634 725 2700 huius
739 2650 812 2700 opes.

198 2711 261 2763 Orta
275 2712 366 2779 Tyro,
384 2728 484 2779 regnum
501 2710 593 2778 Libyci
607 2708 710 2776 possedit
722 2708 747 2757 in
764 2723 825 2765 ora;

234 2783 314 2849 Quam
328 2801 417 2852 precor
434 2796 460 2836 ut
477 2801 539 2835 carae
553 2800 622 2835 more
639 2781 728 2833 sotoris
741 2796 817 2831 ames.

197 2856 284 2909 Omnia
300 2859 438 2924 promittit,
454 2857 586 2923 salsumque
602 2855 703 2907 Lavinis
717 2854 805 2905 vulnus

232 2931 319 2985 hlente
333 2930 527 3000 promittenti,
542 2930 725 2997 dissimmatque
737 2926 856 2979 fremens.
