1975 3700
165 242 457 321 ansrrunr
483 242 595 312 err.
620 244 703 312 ΙΙΙ.
731 266 807 341 203

95 367 155 419 Non
171 365 257 415 domus
273 374 328 428 apta
345 360 419 411 satis:
435 376 485 411 non
501 359 623 413 hictibus
640 364 706 415 utilis
721 382 807 435 egro:

133 439 241 497 Nullus,
257 434 388 501 Apollines
403 436 444 499 qui
458 436 526 485 levet
540 447 593 485 arte
609 438 707 491 malum,
820 454 854 491 ιο

96 514 155 565 Non
172 512 213 578 qui
227 510 338 566 soletur,
356 524 405 557 non
421 507 461 572 qui
478 507 584 557 labentia
599 509 668 561 tardi
856 513 862 521 '

133 585 257 649 Tempora
272 581 391 632 narrando
406 580 493 640 sallat,
510 582 601 631 amicus
615 582 690 635 adest.

97 656 179 711 Lassus
196 658 220 706 in
237 654 352 705 extremis
369 652 441 719 jaceo
454 654 600 721 populisque
615 656 746 723 locisque:

134 731 166 781 Et
183 729 244 780 subit
260 726 346 777 assesso
361 744 424 777 nunc
440 728 519 786 mihi,
538 728 654 794 quidquid
669 730 744 781 abest.

98 804 188 854 Omnia
199 800 254 853 cr'rm
264 801 363 851 subeant
373 818 382 860 ;
396 800 472 851 vincis
483 812 565 851 tamen
575 804 674 862 omnia,
690 803 780 871 conjux
791 821 798 857 τ
821 820 851 869 15

136 877 167 927 Et
181 877 236 941 plus
251 875 276 925 in
290 873 370 933 nostro
385 873 485 940 pessore
501 886 571 940 parte
586 888 666 925 tenes.

97 950 137 1001 Te
153 952 243 1015 loquor
257 948 380 1005 absentem
394 963 401 999 ι
417 960 443 999 te
459 963 509 997 vox
525 963 580 998 mea
593 949 701 1001 nominat
715 959 807 1005 urum':

135 1024 209 1073 Nossa
225 1022 294 1071 venit
309 1020 361 1072 sine
374 1033 399 1071 te
414 1036 465 1071 nox
479 1020 560 1081 mihi,
577 1023 642 1072 nulla
659 1024 721 1079 dies.

100 1094 168 1159 Quin
184 1095 257 1145 etiarn
270 1094 305 1145 sic
322 1110 360 1143 me
376 1094 462 1143 dicunt
476 1094 555 1143 aliena
569 1096 698 1157 locutum,

135 1169 170 1219 Ut
186 1168 252 1219 soret
268 1167 358 1217 amenti
373 1183 460 1217 nomen
476 1167 559 1217 inore
577 1180 654 1221 tuum.
819 1186 854 1225 20

102 1243 126 1294 si
140 1241 189 1308 jam
202 1239 299 1291 deficiat
313 1239 434 1306 suppresso
449 1240 530 1309 lingua
544 1243 646 1306 palato,

136 1316 187 1367 vix
200 1314 313 1365 instillato
329 1311 472 1363 restituenda
486 1330 576 1371 rnero;

101 1389 209 1439 Nuntiet
223 1388 271 1437 huc
287 1386 372 1451 aliquis
388 1386 508 1437 domiuum
522 1386 630 1445 venisse,
644 1387 784 1457 resurgam:

136 1463 246 1528 Spesque
262 1460 297 1510 tui
312 1460 381 1509 nobis
396 1460 466 1509 causa
481 1460 575 1527 vigoris
589 1461 645 1512 erit.

101 1534 165 1603 Ergo
183 1551 231 1602 ego
247 1533 298 1583 sum
313 1533 369 1585 vitae
387 1533 473 1583 dubius
487 1550 494 1585 ε
509 1547 536 1587 tu
551 1534 652 1585 forsitan
668 1535 718 1585 illic
820 1550 853 1598 25

138 1606 291 1665 Iucundum,
309 1604 381 1655 nostri
394 1606 494 1666 nescio,
510 1619 605 1673 tempus
620 1608 672 1674 agis
684 1606 694 1657 s

104 1680 160 1731 Non
177 1680 246 1748 agis,
262 1677 375 1731 affirmo.
368 1695 375 1707 ·
390 1679 484 1745 liquet,
503 1679 539 1731 o!
553 1681 693 1739 carissima,
711 1680 803 1739 nobis,

138 1752 247 1819 Tempus
262 1752 301 1820 agi
315 1752 367 1803 sine
382 1769 420 1803 me
434 1769 484 1803 non
500 1754 546 1803 nisi
559 1752 625 1803 trisse
641 1753 696 1803 tibi.

144 1839 225 1886 tamen
242 1824 350 1912 implevit
366 1841 419 1877 rnen
434 1825 505 1910 sors,
521 1842 583 1894 quos
598 1827 702 1885 debuit,
719 1843 814 1887 annos,

142 2778 206 2829 Ace
285 2779 369 2828 anime
384 2791 494 2844 tempora
509 2796 584 2844 parva
599 2797 669 2828 mere.

101 2851 192 2914 Neo·
249 2863 285 2902 ta
299 2850 383 2900 dabo?
403 2869 449 2902 uec
465 2869 520 2908 curn
537 2854 641 2902 clamore
658 2851 770 2918 supremo

234 2942 263 2988 ,ε
280 2926 367 2982 oculos
384 2925 475 2982 condet
489 2926 566 2980 amice
580 2941 674 2978 monus.
727 2997 739 3049 1
771 2994 778 3008 ι

755 3013 780 3067 η
796 3010 800 3014 .
