1975 3700
134 189 297 306 ,Ἐριεπ
324 251 381 304 rx
407 233 553 304 Porro
580 233 623 304 L.
649 235 681 304 Ι.
718 255 792 330 273

83 356 192 408 Felicem
208 355 306 405 Nioben
320 355 326 404 !
340 354 446 420 quamvis
461 367 502 404 tot
517 353 603 404 sunem
618 354 700 412 vidit,

119 429 184 492 Quae
199 429 278 494 posuit
294 428 402 486 sensum,
418 429 487 478 suen
503 427 583 485 satta,
597 429 666 478 mas.

82 502 138 555 Vos
153 519 251 567 quoque
265 495 350 552 seliros
366 501 373 550 ἱ
393 517 492 566 quarum
508 502 636 552 clamantia
650 501 751 552 fratrem

119 574 222 625 Cortice
237 573 329 624 velavit
342 577 445 641 populus
462 589 506 623 ora
520 591 598 624 novo.

82 647 128 699 ilie
140 665 189 715 ego
205 648 273 706 sum,
291 649 382 715 siguum
398 649 439 714 qui
453 664 505 698 non
519 648 632 697 admittar
647 647 672 696 io
688 648 783 698 ullum:
802 660 836 714 35

118 721 165 772 llle
181 737 231 788 ego
245 721 313 779 sum,
331 720 414 770 snisira
429 721 471 787 qui
486 721 548 787 lapis
563 720 612 770 effe
627 722 712 771 velim.

82 793 135 860 ipsa
152 793 255 844 Medusa
267 794 344 844 oculis
358 794 440 843 veniat
457 794 516 844 licet
529 794 602 844 obvie
615 794 700 846 uostris
713 827 723 854 ,

120 867 225 917 Amittat
240 867 304 918 vires
319 865 367 932 ipsa
383 867 485 916 Medusa
500 868 564 918 suas.

85 940 216 999 Vivimus,
233 953 261 990 ut
275 939 342 990 sensu
356 957 484 1006 numquam
498 949 624 990 mamus
638 957 741 994 amaro:

119 1013 153 1063 Et
169 1015 267 1082 gravior
282 1011 355 1080 longi
371 1011 399 1062 sit
414 1030 468 1064 mea
482 1029 555 1080 prena
568 1014 647 1064 mori.
801 1031 838 1079 40

83 1087 125 1142 Sir
140 1087 314 1138 inconsummm
327 1086 395 1153 Tityi
410 1087 551 1153 semperque
565 1087 694 1138 renascens

120 1161 181 1210 Non
196 1161 279 1226 perit,
296 1171 324 1210 ut
337 1160 415 1226 possit
431 1159 492 1226 sepe
508 1159 609 1226 perire,
623 1159 703 1226 jecm.

76 1233 118 1294 dt
129 1246 192 1299 puto
202 1267 211 1292 ,
223 1232 276 1284 rim
286 1234 383 1298 requies
394 1265 402 1291 ,
414 1233 579 1300 medicinaque
588 1235 684 1299 publica
695 1251 761 1288 cure

121 1308 226 1358 Somnus
240 1306 324 1364 adest,
342 1305 417 1356 solitis
433 1323 483 1356 nox
498 1307 567 1356 venit
580 1309 640 1357 orb:
653 1308 731 1360 maiis.

84 1379 183 1431 Somnia
197 1397 236 1430 me
251 1391 344 1430 terrent
359 1395 433 1430 veros
449 1379 568 1429 imitantia
583 1381 670 1430 casus:
802 1395 837 1446 ⁴5

121 1453 155 1503 Er
170 1454 271 1521 vigilant
286 1453 365 1504 sensus
379 1453 404 1502 in
421 1469 474 1502 mea
491 1453 575 1502 damna
590 1453 650 1502 mei.

77 1525 137 1588 ,Aut
152 1543 200 1594 ego
212 1526 353 1576 Sarmaticas
369 1525 454 1576 videor
469 1525 548 1576 vitare
561 1525 679 1593 sagittast

121 1600 175 1650 Aut
192 1599 248 1651 dare
263 1600 371 1665 captivas
385 1600 415 1648 ad
429 1599 481 1650 sera
496 1599 576 1649 vincta
591 1616 686 1652 manus.

83 1675 157 1732 Aut,
173 1673 214 1722 ubi
231 1673 337 1738 decipior
354 1672 459 1722 melioris
475 1673 578 1740 imagine
595 1672 692 1732 somni,

125 1746 225 1812 Aspicio
239 1747 321 1812 pattiae
334 1745 397 1796 tesia
412 1745 494 1796 relidit
510 1762 579 1796 meae.
806 1761 839 1810 50

85 1821 120 1877 Et
135 1815 209 1871 modo
223 1819 365 1877 vobiscum,
381 1835 441 1886 quos
455 1819 506 1869 sum
521 1832 652 1871 veneratus
664 1853 674 1879 ,
687 1819 775 1880 amici,

124 1894 158 1944 Et
173 1890 246 1945 modo
262 1910 316 1943 cum
332 1893 387 1943 cari
403 1891 528 1961 conjuge,
542 1894 616 1943 multa
633 1895 731 1960 loquor.

86 1968 149 2025 stc,
164 1966 205 2017 ubi
218 1980 331 2032 percepta
346 1965 380 2015 est
394 1967 473 2016 brevis
491 1967 518 2017 δι
533 1982 584 2017 non
598 1983 656 2017 vera
672 1970 805 2035 voluptas,

124 2039 201 2105 Pejor
216 2041 246 2089 ab
260 2039 383 2089 admonitu
397 2037 424 2089 fit
441 2038 513 2089 siamus
528 2039 570 2089 die
585 2039 654 2089 boni.

89 2114 147 2167 sive
163 2112 216 2163 dies
229 2112 301 2179 igitur
316 2125 388 2177 caput
402 2113 450 2161 hoc
464 2113 600 2162 miserabile
617 2113 716 2172 canit,
808 2130 821 2179 5
826 2131 840 2179 ς

127 2187 185 2237 Sive
200 2185 307 2252 pruinosi
323 2185 406 2235 Noiiis
422 2198 526 2252 aguntur
543 2186 622 2251 equit

90 2260 130 2311 Sic
147 2275 201 2309 mea
215 2259 337 2324 perpetuis
355 2256 482 2324 liquefiunt
497 2258 596 2324 peston
612 2258 696 2317 curis,

128 2332 226 2400 Ignibus
242 2330 343 2381 admotis
359 2343 386 2381 ut
401 2348 465 2381 nova
481 2348 538 2381 cera
554 2332 624 2382 solet.

92 2406 162 2472 Saepe
170 2420 258 2471 pretor
267 2416 385 2463 mortem,
396 2416 499 2455 mortem
507 2422 603 2472 quoque
613 2407 734 2471 deprecor
741 2407 804 2459 idem
813 2425 824 2466 ;

128 2480 168 2529 Ne
183 2494 237 2529 mea
252 2477 407 2529 Sarmaticum
414 2468 539 2545 'contegat
553 2477 601 2528 offa
617 2479 703 2529 solum.
806 2481 844 2533 60
941 2512 945 2523 .
961 2502 966 2509 ·

82 2549 155 2614 ,cum
171 2550 251 2611 subit,
269 2550 369 2619 Augusti
383 2568 437 2617 quae
454 2552 484 2603 sit
500 2550 646 2613 clementia,
660 2554 736 2604 credo

130 2623 217 2674 Mollia
233 2624 359 2693 naufragiis
376 2626 446 2675 litora
461 2624 528 2693 posse
545 2625 607 2675 dari.

95 2696 158 2752 cum
172 2697 246 2747 video
261 2700 329 2765 quim
345 2698 393 2749 sint
408 2715 462 2749 mea
478 2700 527 2748 sata
542 2700 655 2757 tenacia,
671 2699 770 2767 frangor
779 2716 790 2759 ς

58 2789 63 2800 ·
131 2772 238 2837 Spesque
253 2770 313 2821 levis
329 2787 417 2838 magno
431 2772 492 2821 vissa
508 2772 596 2822 timore
610 2773 683 2821 cadit.

95 2844 150 2895 Nec
164 2856 245 2903 tamen
260 2844 361 2900 ulterius
376 2844 503 2911 quidquam
517 2845 619 2911 sperove
631 2860 751 2909 precorve
762 2879 774 2901 ,
810 2846 844 2911 65

132 2915 215 2983 Quint
228 2916 291 2980 mul'e
304 2929 397 2971 mutato
412 2917 479 2986 posse
493 2934 577 2999 curere
592 2920 661 2971 loro.
694 2988 730 3039 M

741 3006 757 3041 s
