1975 3700
166 254 669 331 Tursrrurr,lra.L
723 228 794 357 {73

87 374 152 441 Ergo
169 379 237 442 qudm
252 374 358 434 misero,
378 388 426 427 tam
442 393 522 434 vero,
539 374 599 425 teste
615 378 745 441 probarisa

124 448 169 497 Hic
187 449 286 519 aliquod
302 449 395 515 pondus
413 450 434 499 si
448 448 521 499 modb
538 448 602 499 testis
617 450 700 501 habet.

85 521 139 570 Nec
155 522 277 587 probitate
296 522 338 571 tud
356 523 422 587 prior
435 520 469 571 est
485 534 527 573 aut
541 522 655 574 Heboris
669 541 730 575 uxor
742 558 752 585 ,

123 593 174 643 Aut
190 605 272 645 comes
292 594 405 645 cxffinsio
420 594 550 645 Laodamia
563 595 629 648 viro.
743 610 749 621 '
803 613 839 651 ao

86 667 126 715 Tu
143 668 163 717 si
178 667 312 717 Maeonium
329 680 409 717 vatem
423 669 508 730 sortita
524 667 623 727 suisses,

122 738 259 805 Penelopes
276 738 334 789 esset
349 740 411 791 sama
428 741 530 791 secunda
545 756 604 791 tuae.

85 812 143 862 Sive
158 813 203 863 tibi
220 813 268 861 hoc
284 812 378 869 debes,
394 815 459 863 nulli
474 815 515 880 pia
529 814 589 863 fasta
603 814 732 883 magistriq

123 885 233 951 Cumque
250 884 313 935 novi
329 902 408 935 mores
426 887 479 937 sunt
497 887 542 936 tibi
555 887 610 937 luce
627 888 697 941 dati:

85 958 184 1009 Femina
196 957 238 1008 sen
250 958 379 1023 princeps,
395 976 478 1009 omnes
492 960 537 1009 tibi
553 961 618 1009 culta
633 978 676 1025 per
689 978 783 1023 annos,
805 979 837 1027 25

121 1031 160 1081 Te
177 1031 252 1081 docet
269 1034 405 1096 exemplum
421 1031 531 1100 conjugis
549 1031 595 1082 esse
611 1034 704 1093 bon23

85 1104 269 1171 Assimilemque
286 1103 320 1155 sui
335 1105 407 1173 longis
423 1104 570 1157 assuetudine
588 1104 668 1163 scrita

122 1175 228 1227 Grandia
243 1177 263 1227 si
280 1178 360 1243 parvis
376 1178 516 1229 assimulare
533 1178 601 1228 licet.

84 1250 133 1299 Hei
146 1250 203 1301 mihi
214 1250 220 1299 ἔ
232 1268 283 1301 non
291 1268 387 1319 magnas
398 1252 464 1319 quod
473 1252 564 1302 habent
574 1267 628 1303 mea
640 1252 746 1304 carmina
755 1254 819 1305 vires
830 1289 839 1312 ‚

121 1322 254 1389 Nostraque
269 1322 322 1374 sunt
337 1325 428 1377 meritis
445 1341 487 1375 ora
503 1326 596 1375 minora
610 1326 668 1378 tuis.
804 1342 839 1393 30

83 1395 109 1445 Si
128 1396 184 1461 quid
201 1398 227 1447 δι
241 1398 266 1447 in
280 1397 349 1447 nobis
364 1398 414 1447 vivi
429 1398 475 1448 suit
491 1411 549 1449 ante
562 1398 673 1465 vigoris,
771 1462 776 1469 ‚

122 1468 263 1519 Exstinssum
279 1470 358 1537 longis
376 1472 467 1522 occidit
483 1488 556 1523 omne
572 1471 662 1530 malis3

82 1540 161 1591 Prima
177 1543 258 1592 locum
275 1542 362 1592 sarissas
378 1544 491 1594 heroidas
507 1546 570 1594 inter
585 1545 709 1596 haberes:

119 1613 197 1663 Prima
211 1614 281 1664 bonis
296 1614 367 1665 animi
384 1616 552 1682 conspicerere
569 1616 613 1665 tui.

81 1686 311 1753 Quantumcumque
326 1701 406 1737 tamen
420 1690 540 1754 preconia
554 1688 632 1739 nostra
646 1691 780 1753 valebunt,
801 1706 835 1758 35

119 1759 272 1810 Carminibus
289 1759 357 1809 vives
371 1772 465 1827 tempus
483 1762 509 1811 in
525 1778 597 1812 omne
612 1763 682 1813 meis.

141 1852 789 1926 ·s===aq“⁰k=—----·e

244 1967 533 2034 ἨΕΘΜ
574 1972 648 2038 VI.

84 2058 140 2177 St
150 2139 236 2186 Quis
252 2126 326 2178 habes
341 2127 415 2182 nostri
432 2131 522 2182 similas
536 2131 561 2182 in
576 2131 680 2203 imagine
697 2136 798 2196 vultus,

117 2199 198 2249 Deme
212 2201 271 2250 meis
287 2200 409 2262 hederas,
425 2203 544 2254 Bacchica
557 2208 640 2266 setta,
658 2210 744 2259 comis.

78 2270 123 2319 Isia
140 2272 229 2322 decent
245 2273 314 2324 laetos
332 2274 413 2325 felicia
430 2277 499 2344 signa
512 2280 617 2342 postas:

115 2343 277 2408 Temporibus
296 2362 345 2396 non
363 2347 395 2398 est
409 2363 464 2414 apta
482 2366 574 2400 corona
590 2353 659 2403 meis.

79 2416 140 2465 Hac
156 2417 201 2466 tibi
215 2417 365 2476 dissimulas,
384 2421 456 2472 sentis
470 2434 570 2482 tamen,
586 2427 695 2492 optime,
714 2426 778 2486 dici,
801 2443 813 2491 5

117 2489 144 2538 In
161 2489 239 2556 digito
255 2491 295 2556 qui
311 2509 349 2542 me
365 2493 462 2560 fersque
479 2497 605 2563 refersque
622 2512 676 2550 tuo.

80 2559 239 2628 Effigiemque
253 2579 329 2614 meam
340 2564 411 2616 fulvo
423 2571 564 2634 complexus
580 2573 604 2620 in
619 2590 697 2632 auro,

117 2633 179 2684 Cara
196 2636 316 2702 relegati.
335 2641 382 2704 quai
396 2654 467 2704 potes
480 2658 546 2700 ‚ora
561 2645 639 2695 rides.

79 2707 142 2770 Quae
160 2708 256 2772 quoties
272 2709 380 2774 spedas,
396 2712 477 2762 subeat
494 2715 537 2765 tibi
553 2718 636 2769 dicere
652 2717 751 2777 forsan,

115 2779 195 2843 Qua'am
211 2783 297 2846 procul
314 2800 327 2832 a
343 2785 411 2836 nobis
429 2784 493 2836 Naso
509 2783 595 2840 sodalis
610 2791 693 2841 abest!
800 2805 832 2842 10

79 2853 155 2904 Grata
170 2865 211 2903 tua
228 2853 261 2904 est
275 2855 372 2922 pietas5
391 2859 430 2908 sed
445 2852 548 2912 carmiria
564 2862 642 2928 major
656 2864 735 2930 imago

112 2926 174 2977 Sunt
189 2943 261 2990 mea,
278 2947 332 2998 quae
347 2933 434 2984 maudo
449 2935 632 3004 qualiacumque
647 2939 739 3058 ΙεῗεηςΙ

715 3027 741 3075 ll]
