1975 3700
215 275 263 348 52
312 253 354 322 P.
381 236 829 326 OV1011Nxs'ours

213 375 248 428 Dl
259 392 354 442 quoque
368 377 515 442 templorum
525 376 617 426 foribus
631 378 742 426 c'elentur
753 379 846 444 operris
859 395 872 438 ς

249 449 317 498 Ture
332 461 420 498 vacent
432 465 498 508 arae,
518 448 626 516 stentque
643 450 694 498 sine
709 450 764 518 igne
779 453 839 500 soci.

154 525 201 590 565
215 525 286 574 Nunc
298 523 380 572 animae
391 535 477 571 tenues
489 556 498 580 ,
518 522 657 588 &corpora
672 523 752 572 sunsia
762 524 884 589 sepulcris
894 560 906 582 ,

249 595 354 645 Errant:
367 612 429 644 nunc
440 596 522 661 posito
536 597 640 662 pascitur
651 597 735 645 umbra
748 598 811 646 cibo.

213 671 267 720 Nec
277 681 358 718 tamen
366 669 419 718 haec
430 669 492 717 ultra
502 702 509 726 ,
526 672 595 735 quim
605 681 644 718 rot
654 669 684 718 de
694 671 774 719 mense
784 670 913 735 supersint

249 741 373 801 Luciferi,
391 753 451 807 quot
465 742 555 791 habent
570 743 673 790 carmina
688 741 766 792 nostra
780 743 868 809 pedes.

213 816 302 872 Hanc,
320 815 375 880 quia
387 813 446 880 justa
457 814 558 873 serunt,
576 815 659 864 dixere
669 813 688 864 1²
690 816 764 864 eralia
776 818 871 869 lucem·

152 906 204 957 570
252 889 344 938 Ultima
358 887 478 953 placandis
491 889 600 937 manibus
611 889 651 938 illa
666 889 727 938 dies.

213 961 278 1012 Ecce
289 978 347 1010 auus
358 962 384 1010 in
398 961 485 1010 mediis
498 961 607 1011 residens
622 961 709 1010 annosa
724 961 832 1027 puellis,

249 1036 322 1084 Sacra
337 1034 394 1083 lacit
403 1033 496 1084 Tacite
508 1050 516 1083 a
528 1035 570 1083 vix
583 1046 664 1083 tamen
675 1034 724 1099 ipsa
736 1046 812 1084 tacet.

213 1108 245 1158 Et
259 1107 340 1174 digitis
355 1107 402 1155 tria
415 1118 469 1156 tura
481 1107 559 1157 tribus
574 1107 615 1156 sub
631 1107 710 1156 limine
725 1108 812 1172 pouit,

249 1181 306 1244 Qua
315 1179 395 1228 brevis
406 1180 528 1228 occultum
542 1196 594 1228 mus
608 1180 652 1229 sibi
663 1181 722 1230 fecit
731 1181 788 1230 iter.

154 1273 201 1324 575
215 1255 280 1303 Tum
295 1264 391 1302 cantata
405 1243 464 1318 ligat
478 1268 532 1302 cum
546 1252 613 1302 susco
625 1253 680 1302 licia
694 1255 818 1312 rhombo,

249 1327 282 1376 Et
294 1325 384 1390 septem
396 1325 477 1392 nigras
491 1328 571 1376 versat
584 1326 609 1374 in
624 1342 667 1375 ore
682 1325 758 1374 sabas.

211 1399 335 1465 Quodque
347 1399 400 1464 pice
415 1397 536 1448 adstrinxit
548 1433 556 1458 ,
574 1399 640 1464 quod
652 1415 698 1448 acu
713 1396 811 1464 trajecit
822 1397 908 1450 aheni
920 1433 930 1462 ,

250 1472 369 1522 Obsututn
382 1488 465 1521 maenae
479 1484 556 1522 torret
570 1473 594 1520 in
608 1472 664 1538 igne
681 1483 763 1536 eaput.

210 1546 276 1600 Vina
287 1561 383 1612 quoque
393 1544 486 1594 instillat
497 1561 504 1594 r
514 1544 563 1594 vini
574 1545 742 1612 quodcumque
752 1545 864 1596 resistum
874 1548 931 1609 est,

152 1623 203 1688 580
250 1620 302 1669 Aut
316 1619 382 1685 ipsa,
397 1630 440 1683 aut
453 1618 573 1677 comites,
589 1619 642 1683 plus
656 1629 738 1668 tamen
750 1619 818 1686 ipsa,
832 1621 911 1672 bibit.

212 1691 317 1744 Hostiles
333 1693 425 1764 linguas
440 1691 584 1757 inimicaque
598 1692 715 1742 vinximus
732 1708 794 1752 ora,

249 1767 320 1816 Dicit
334 1765 477 1824 discedens,
496 1766 609 1833 ebriaque
624 1765 674 1814 exit
689 1781 757 1814 anus.

213 1841 323 1893 Forsitan
339 1839 457 1896 anobis,
476 1856 530 1905 quae
545 1839 576 1891 sit
590 1839 645 1889 Dea
661 1837 750 1899 Muta,
767 1837 890 1905 requiras.

248 1914 342 1971 Disce,
359 1928 402 1978 per
418 1912 529 1977 antiquos
547 1930 599 1979 quae
613 1913 672 1963 mihi
688 1924 748 1963 nota
761 1912 841 1962 senes.

150 1990 199 2059 585
213 1987 323 2053 Iuppiter
337 1984 455 2039 indomito
470 1984 483 2036 J
486 1999 578 2035 uturnae
593 1998 677 2052 captus
693 2002 790 2044 amore¹

249 2059 329 2109 Multa
344 2058 419 2117 tulit,
436 2070 506 2108 tanto
521 2076 570 2109 non
583 2059 695 2125 patienda
711 2060 781 2109 Deo.

213 2135 256 2185 llla
270 2130 344 2182 modi)
356 2132 382 2181 in
396 2132 461 2181 silvis
476 2132 539 2181 inter
553 2134 663 2199 coryleta
676 2134 788 2185 latebatt

248 2206 319 2256 Nunc
332 2205 358 2255 in
373 2217 487 2274 cognatas
502 2205 628 2255 desiliebat
640 2223 723 2271 aquas.

187 2279 316 2330 Convocat
324 2278 363 2328 hic
372 2279 507 2345 Nymphas,
516 2277 618 2336 Latium,
628 2292 790 2345 quotcumque
799 2280 930 2334 tenebas:

150 2371 201 2424 590
250 2352 282 2403 Et
296 2350 355 2416 jacit
368 2351 392 2401 in
407 2351 487 2401 medio
502 2352 558 2401 talia
573 2354 647 2401 verba
663 2353 759 2402 choro:

212 2426 307 2477 invidet
319 2424 374 2491 ipsn
382 2420 445 2483 sibi,
465 2425 574 2490 vitatque
585 2424 655 2491 quod
670 2426 769 2491 expedit
785 2424 820 2473 illi
833 2457 842 2481 ‚

248 2498 334 2550 Veslra
349 2498 416 2547 soror
429 2497 519 2548 summo
533 2496 635 2565 jungere
651 2500 757 2547 membra
772 2497 841 2546 Deo.

212 2571 337 2623 Consulite
348 2572 463 2621 ambobus
478 2586 484 2619 :
497 2588 551 2621 nam
564 2588 617 2637 quae
628 2588 681 2621 mea
691 2588 776 2639 magna
791 2571 931 2638 voluptas,

95 2699 100 2706 ,
245 2645 348 2694 Utilitas
362 2644 444 2694 vellrae
459 2660 543 2711 magna
559 2644 647 2694 sororis
662 2644 718 2694 erit.

151 2736 198 2788 595
211 2719 266 2771 Vos
282 2718 316 2768 illi
331 2717 443 2782 inprimi
458 2717 561 2783 fugienti
578 2716 683 2767 obsistite
700 2714 773 2783 ripi,

245 2794 284 2844 Ne
298 2791 341 2857 sua
354 2788 466 2839 fluminei
481 2805 585 2857 corpora
601 2802 695 2857 mergat
710 2790 782 2855 aqui.

206 2867 311 2919 Dixerat
323 2880 332 2915 r
344 2875 480 2913 annuerunt
495 2879 579 2913 omnes
594 2862 747 2913 Tiberinides
763 2861 837 2919 udae,

241 2938 353 3009 Quaque
369 2937 453 2990 colunt
466 2937 610 2999 thalamos,
626 2936 671 2989 llia
687 2936 741 2989 diva
752 2947 846 2995 ,=tu0s.
