1975 3700
201 285 276 359 242
316 263 356 332 P.
385 261 578 334 Ονιιιιι
606 263 837 333 Nasonis

154 390 186 454 85
200 388 226 438 Si
241 399 323 444 tamen
337 383 454 434 exllinslis
469 381 578 448 aliquid,
593 381 640 432 nisi
654 383 767 443 nomina,
782 385 874 445 restat,

237 458 268 509 Et
285 457 378 526 gracilis
392 455 490 506 siruslos
504 454 588 523 effugit
603 456 686 504 umbra
699 471 795 524 togos;

200 535 288 591 Fama,
305 531 459 597 parentales,
472 529 493 578 si
506 544 552 578 vos
566 544 620 578 mea
634 529 755 596 contigit,
772 533 885 590 umbrae,

238 605 271 655 Et
284 604 336 654 sunt
350 605 374 652 in
389 603 475 670 Stygio
487 601 586 652 crimim
599 601 677 651 noslra
691 603 765 661 soro;

199 679 281 736 Scite,
292 693 398 744 precor,
410 675 518 733 causam,
529 691 631 725 necros
645 674 704 724 mihi
713 675 799 726 tallere
814 678 850 729 fas
861 677 910 737 esi5

155 767 191 822 90
237 751 351 801 Errorem
367 746 450 814 jussae,
467 765 517 798 non
532 747 627 806 seclus,
643 747 691 799 esse
708 748 781 816 fugae.

199 823 313 876 Manibus
328 821 422 872 idfatis
436 819 470 870 eli
484 836 493 871 r
508 821 614 879 advos,
627 820 747 878 studiosa,
762 836 892 884 revertor,

235 896 354 953 Pelion,
371 895 411 961 qui
424 894 480 944 vitae
496 893 602 959 quaeritis
613 893 667 944 asia
683 911 754 945 rneae.

198 969 250 1024 Jam
267 968 324 1027 mibi
339 968 456 1025 canities,
469 966 544 1033 pulsis
558 965 697 1018 melioribus
714 968 799 1028 annis,

234 1044 365 1099 Venerat3
381 1039 489 1106 antiquas
506 1038 680 1106 miscueratque
695 1057 796 1100 comas;

155 1131 188 1185 95
200 1115 304 1183 Postque
317 1131 385 1164 meos
400 1127 469 1164 ortus
484 1111 559 1162 Pisaei
573 1111 665 1162 vibilus
682 1113 745 1163 olivi

235 1187 371 1239 Abstulerat
386 1186 467 1236 decies
481 1185 578 1250 praemia
591 1185 668 1236 vilior
682 1202 758 1252 eques
770 1204 779 1245 ;

199 1259 261 1312 cum
276 1260 345 1310 matis
359 1259 447 1310 Euxini
461 1257 555 1324 positos
570 1257 601 1306 acl
615 1258 677 1307 laeva
688 1258 799 1312 Tomitas

184 1359 188 1366 ·
234 1333 353 1397 Quaerere
368 1347 406 1380 me
420 1332 471 1381 laesi
485 1329 602 1395 Principis
617 1331 652 1380 ira
665 1329 744 1396 jubet.

198 1406 275 1458 Causa
288 1421 348 1456 meae
363 1404 453 1454 cunslis
469 1402 566 1454 nimiln
581 1420 677 1470 quoque
693 1417 753 1456 nota
768 1407 864 1468 ruinae,

136 1493 186 1532 100
235 1478 328 1530 lntlicio
344 1494 393 1528 non
411 1474 606 1538 elktesiificanda
622 1493 689 1527 meo.

170 1552 237 1619 Quid
246 1551 349 1602 reseram
356 1550 517 1616 comitumque
523 1549 605 1608 nefas,
615 1549 913 1621 famulosquenoccntcs?

231 1623 287 1692 Ipsi
301 1625 376 1674 multa
388 1622 434 1674 tuli
449 1638 499 1673 non
513 1623 606 1673 leviora
620 1621 687 1690 fugi.

197 1699 322 1766 indignata
336 1695 404 1747 malis
419 1711 486 1746 mens
503 1693 537 1745 est
552 1695 707 1747 succumbere
723 1713 733 1756 ς
748 1697 822 1765 seque

232 1769 342 1822 Praestitit
357 1769 468 1820 inviciam
481 1768 573 1818 vitibus
586 1767 627 1819 usa
643 1768 708 1821 suist

137 1860 183 1911 105
198 1844 345 1911 Oblitusque
360 1855 441 1910 togae,
455 1841 580 1908 duslaeque
595 1858 639 1910 per
655 1843 705 1894 otia
720 1842 795 1905 vitae,

124 1936 125 1941 ¹
233 1918 330 1971 lnsolitai
343 1916 396 1983 cepi
409 1916 525 1980 temporis
538 1932 603 1966 arma
613 1931 695 1967 manu.
736 1922 738 1928 '

195 1988 294 2057 Totque
310 1989 355 2040 tuli
369 1988 435 2039 tetri
451 1988 517 2038 casus
534 1990 688 2055 pelagoque,
705 2001 767 2056 quot
781 1988 844 2041 inter

233 2063 367 2117 Occultum
380 2060 452 2111 stellae
468 2060 670 2127 conspicuumque
685 2065 778 2127 polum.

195 2136 270 2197 Tucia
285 2136 342 2185 mihi
358 2134 475 2192 tandem,
489 2134 569 2201 longis
584 2135 706 2185 erroribus
721 2136 794 2194 ailo,

137 2226 188 2263 110
235 2209 319 2263 Junsla
333 2207 478 2275 pharetratis
490 2206 603 2257 Sarmatis
619 2222 662 2257 ora
677 2206 758 2259 Getis.

196 2282 245 2333 llic
260 2300 325 2351 ego,
339 2281 444 2339 finitimi
461 2280 567 2346 quamvis
584 2278 746 2331 circumsoner
759 2280 850 2340 armis,

231 2356 335 2413 Tristia,
351 2370 400 2421 quq
415 2352 525 2420 possum,
544 2353 647 2404 carmine
663 2354 713 2403 lata
726 2355 793 2405 levo.

195 2428 287 2496 Quod,
302 2428 407 2497 quamvis
417 2442 489 2476 nemo
501 2425 551 2485 est,
566 2424 635 2492 cujus
644 2427 764 2478 reseratur
775 2427 805 2477 ad
815 2444 909 2489 aures,

232 2503 273 2554 Sic
286 2516 367 2554 tamen
380 2499 477 2550 absumo
491 2498 636 2565 decipioque
650 2500 723 2550 diem.

136 2593 165 2629 11
173 2593 184 2643 ς
198 2576 283 2645 Ergo,
299 2574 363 2642 quod
379 2562 455 2631 vivo}
472 2572 584 2638 durisque
597 2573 718 2624 laboribus
732 2572 818 2633 obsto,

232 2650 286 2700 Nec
301 2664 338 2698 me
354 2646 453 2697 solicitae
466 2646 539 2697 taedia
555 2645 616 2697 lucis
629 2646 740 2704 habent,

196 2720 298 2781 Gratia,
316 2720 402 2781 Musa,
419 2719 463 2769 tibi
479 2734 487 2769 t
503 2712 557 2767 nam
571 2730 598 2768 tu
611 2718 696 2770 solatia
708 2720 823 2786 praeben

231 2794 271 2845 Tu
289 2792 480 2860 curae'requics,
497 2803 523 2842 tu
540 2792 657 2841 medicina
671 2792 746 2842 mali:

194 2868 314 2929 'sudum
328 2880 354 2919 tu
371 2882 453 2917 comes
465 2882 491 2915 es
507 2880 516 2916 ι
532 2877 560 2915 tu
573 2882 618 2915 nos
633 2865 732 2917 abducis
744 2866 774 2915 ab
788 2864 869 2926 lllro‚‘

66 2954 70 2961 ·
134 2954 185 2994 rto
233 2941 261 2993 ln
275 2938 404 3007 medioque
420 2938 477 2991 milti
490 2938 533 2991 clas
547 2937 669 2990 Helicone
685 2940 775 2990 locum.
