1975 3700
159 247 442 318 ansrwu
467 250 667 322 [ΑΗΚ
716 271 794 347 237
894 279 900 288 ·

94 384 817 457 fflfflfflssffl,

244 502 500 568 E'LEGIA
539 503 685 566 vlll.

88 600 168 724 Just
184 677 238 711 mea
252 663 358 730 cygudas
373 663 495 712 imitantur
508 676 620 728 tempora
633 663 749 728 plumes:

123 734 202 784 inficit
220 735 246 786 δι
258 737 340 803 nigras
353 738 407 786 alba
425 736 518 786 tenena
531 751 632 786 comas:

88 807 139 862 Jam
152 809 253 858 subeunt
269 809 325 858 anni
338 808 454 876 fragiles,
474 810 500 860 ἃ
513 810 704 860 inertiorem:

122 881 221 947 Jamque
235 898 318 948 parum
334 879 403 932 firmo
418 898 457 932 me
472 882 532 932 mihi
546 883 612 932 serre
626 898 700 949 grave
714 881 757 932 est.

88 956 159 1004 Nunc
174 967 244 1014 erat,
264 967 291 1004 ut
305 955 386 1020 posito
401 956 515 1004 deberem
529 953 578 1004 fine
593 955 704 1004 laborum
806 969 819 1017 ς

123 1028 236 1086 Vivere,
249 1045 288 1078 me
301 1030 369 1078 uulso
385 1027 521 1078 solicitante
534 1039 623 1078 meru:

88 1101 198 1167 Quaeque
211 1117 272 1152 ureae
287 1100 380 1168 semper
394 1102 538 1166 placuerunt
552 1100 604 1150 otia
617 1099 713 1157 nenti,

124 1173 252 1239 Carpere,
270 1174 297 1224 δι
314 1174 339 1224 in
353 1173 434 1224 studiis
451 1173 558 1224 molliter
571 1171 619 1222 esse
633 1173 713 1222 meis:

89 1248 118 1296 Et
132 1265 229 1311 parvam
245 1249 369 1298 celebrare
383 1248 502 1304 domum,
518 1258 664 1312 veteresque
679 1243 804 1304 Penates,

123 1321 155 1369 Et
172 1338 225 1388 quae
239 1337 303 1370 nuuc
319 1321 418 1370 domino
431 1337 487 1373 rura
503 1333 603 1385 paterna
616 1331 721 1369 carente
809 1331 840 1368 to

88 1395 164 1460 Inque
176 1393 231 1444 sinu
247 1393 369 1453 dominae,
387 1393 498 1460 carisque
510 1393 657 1460 nepotibus,
676 1391 751 1458 inque

122 1468 229 1517 Securus
245 1466 321 1532 patrii
337 1465 482 1518 consenuisse
497 1465 560 1516 mei.

87 1539 146 1589 Haec
159 1556 213 1590 mea
227 1540 262 1588 sic
278 1540 399 1608 quondam
414 1539 498 1606 peragi
513 1539 650 1603 speraverat
664 1551 742 1589 aetas:

123 1613 179 1662 Hos
197 1627 243 1679 ego
257 1611 292 1663 sic
308 1629 385 1664 annos
401 1628 493 1678 ponere
510 1611 596 1679 diguus
611 1627 687 1660 eram.

87 1688 145 1736 Non
159 1687 193 1735 ita
210 1685 257 1736 Dis
271 1685 366 1743 visum,
385 1685 425 1752 qui
440 1701 477 1734 me
494 1683 608 1750 tetrique
621 1682 728 1748 marique
811 1696 840 1744 15

125 1758 212 1808 Atium
228 1759 363 1810 Sarmaticis
379 1757 513 1824 exposuere
529 1756 600 1806 locis.

87 1834 114 1883 ln
133 1849 193 1881 cava
211 1831 328 1882 ducuntur
345 1829 429 1899 quussae
445 1829 536 1879 navalia
552 1844 664 1897 puppes,

124 1908 165 1957 Ne
180 1904 271 1955 temere
285 1904 309 1955 in
323 1904 407 1954 mediis
424 1902 579 1953 dissoluantur
592 1902 671 1968 aquis.

87 1982 127 2029 Ne
143 1978 231 2036 cadat,
249 1979 274 2028 ὃ(
286 1980 372 2029 multas
387 1978 475 2043 palmas
490 1975 626 2027 inhonestet
639 1974 761 2039 adeptas,

125 2052 265 2119 Languidus
279 2050 304 2101 in
318 2052 392 2117 pratis
410 2052 534 2119 gramina,
552 2050 628 2116 carpit
643 2064 729 2115 equus.
809 2059 844 2094 20

87 2126 184 2183 Miles,
201 2137 228 2175 ut
243 2126 350 2175 emeritis
366 2142 414 2173 nun
431 2125 463 2175 esi
479 2124 534 2173 satis
549 2124 616 2173 utilis
630 2122 718 2179 annis,

124 2198 201 2248 Ponit
216 2197 246 2247 ad
259 2198 389 2263 antiquos,
405 2214 457 2261 qnae
473 2197 529 2245 tulit
542 2212 628 2253 arma,
645 2195 730 2245 Lares.

88 2272 129 2321 Sic
148 2271 242 2338 igitur,
257 2270 326 2320 tardi
340 2270 403 2319 vires
417 2268 540 2319 minuente
554 2265 666 2325 senesii,

125 2344 172 2393 Me
188 2359 284 2410 quoque
300 2342 384 2395 donari
398 2340 445 2407 jam
458 2342 538 2400 rude,
552 2353 646 2406 tempus
662 2351 723 2389 erat.

89 2416 203 2483 Tempus
214 2428 266 2467 erat
277 2448 285 2475 ,
305 2432 349 2466 nec
362 2432 399 2465 me
410 2416 563 2483 peregrinum
574 2413 663 2464 ducere
675 2412 781 2469 coelum,
812 2424 844 2470 25

126 2492 185 2541 Nec
200 2488 288 2539 siccam
304 2486 396 2539 Getico
412 2490 481 2541 sonte
497 2490 579 2537 levare
595 2486 678 2537 sitim:

90 2563 142 2613 Sed
152 2559 243 2620 modi),
257 2580 316 2627 qnos
327 2562 415 2617 habui,
430 2578 531 2611 uacuum
543 2558 656 2610 secedere
667 2559 690 2610 in
701 2558 803 2609 hortost

128 2637 203 2685 Nunc
220 2636 342 2685 hominum
356 2634 407 2684 visu
425 2633 504 2683 rursus
521 2633 546 2682 ἃ
563 2634 631 2685 Urbs
647 2632 703 2682 srui.

91 2708 152 2767 Sic,
169 2709 248 2759 animo
265 2708 383 2775 quondam
397 2722 446 2757 nen
461 2705 582 2756 divinante
598 2706 695 2763 sutura,

131 2782 254 2853 Optabam
271 2780 365 2847 placid’e
383 2780 465 2829 vivere
483 2777 549 2844 posse
567 2777 650 2828 senex.
816 2785 849 2839 30

91 2856 154 2906 Fata
167 2864 350 2923 repugnarunt,
366 2867 439 2918 quae,
458 2848 510 2899 cuim
526 2850 583 2899 mihi
598 2864 708 2917 tempora
722 2844 797 2915 prima

128 2927 220 2979 Mollia
236 2927 401 3001 ptaebuerint,
423 2922 556 2993 posteriora
572 2933 682 2993 gravant.
