1975 3700
6 2875 9 2906 i

134 268 277 336 Emer.
302 283 369 336 ex
394 270 534 338 PoNro
559 267 598 336 L.
624 268 682 339 ΙΙ.
711 286 787 363 309

64 385 194 440 sustineas
211 398 238 436 ut
254 400 335 444 onus,
350 385 474 436 nitendum
488 386 584 436 vertice
599 387 673 452 pleno
686 386 741 446 est3

108 461 147 510 At
162 459 226 509 fletu
242 474 331 508 nervos
348 459 369 508 ti
384 460 494 524 patiare,
508 459 589 508 cadet.

66 535 137 600 Spes
154 529 271 599 duoque,
286 529 352 597 poffe
366 532 433 581 mord
446 532 573 582 mitescere
589 531 706 597 Principis
718 531 795 591 bam,

109 607 207 659 Vivere
222 621 253 654 ne
269 605 362 663 nolim,
379 603 557 671 desidemque,
573 617 653 655 cavet.
801 605 834 656 80

66 681 130 734 Nec
147 697 194 729 vos
211 695 284 744 parva
301 678 360 728 datis
375 679 446 743 pauci
462 679 545 729 solatia
560 679 646 735 nobis,

111 751 226 816 Quorum
243 750 347 816 spedata
361 749 396 800 est
412 767 456 817 per
472 753 534 802 mala
549 750 627 801 nostra
643 749 714 801 fidet.

69 825 167 891 Coepta
176 838 234 874 tene
246 857 254 882 ,
275 823 353 894 quaesp
366 841 375 882 ;
393 824 475 874 necin
486 841 584 891 equore
595 824 678 874 desere
688 841 775 875 navem
789 842 797 876 ε

111 899 208 966 Meque
223 897 293 949 simul
308 895 397 966 septa,
417 895 583 963 judiciumque
598 909 677 949 tuum.

136 1003 808 1079 e—ssquka-:e-

199 1124 543 1188 EPISTOLA
583 1121 729 1184 Vlll.

219 1247 464 1308 MAXIMO
506 1243 710 1306 COTTAE.

78 1340 168 1456 R!
176 1415 224 1452 nn
233 1419 243 1452 1
252 1417 271 1454 τ
279 1415 318 1456 us
332 1402 366 1454 est
375 1403 445 1454 nobis
456 1401 537 1454 Caesar
547 1417 601 1454 cum
614 1401 709 1454 Cesare
720 1418 813 1469 nuper,

118 1477 189 1540 Quos
203 1477 260 1528 mibi
276 1477 373 1536 misisti,
391 1476 500 1527 Maxime
516 1476 610 1535 Cotta,
627 1477 707 1526 Deos.

78 1549 165 1616 thue
182 1550 248 1600 suum
262 1567 348 1600 munus
360 1567 505 1608 numerum,
520 1565 592 1616 quem
608 1551 700 1606 debet,
713 1549 832 1606 habetet,

117 1621 157 1672 Est
171 1622 205 1672 ibi
223 1623 356 1674 Cesaribus
370 1623 438 1673 Livia
454 1621 535 1688 janua
551 1623 607 1672 suis.

77 1694 216 1763 Argentum
231 1696 310 1755 felix,
329 1696 442 1762 omnique
457 1697 550 1746 beatius
565 1711 625 1744 auro
642 1694 648 1744 !
819 1709 830 1755 5

120 1767 216 1832 Quod,
232 1771 312 1822 fuerat
327 1770 430 1837 pretium
444 1767 499 1819 edm
514 1769 594 1826 rude,
610 1783 699 1816 numen
714 1767 797 1817 babet.

79 1843 140 1896 Non
154 1842 231 1901 mihi,
247 1843 340 1894 divitias
354 1843 453 1901 dando,
470 1840 562 1909 majora
577 1841 696 1899 dediffes,

119 1916 248 1967 Caelitibus
264 1917 342 1967 missis
355 1916 434 1965 nostra
449 1916 490 1965 sub
508 1932 550 1964 ora
566 1914 652 1963 tribus.

78 1988 123 2040 Est
137 1989 227 2055 aliquid
243 1989 348 2055 spediare
365 1990 454 2047 Deos,
473 1989 500 2039 δι
517 1987 594 2038 adesse
611 1978 716 2053 putare,

119 2062 152 2113 Et
167 2064 234 2129 quasi
253 2078 306 2112 cum
322 2080 383 2113 vero
398 2062 496 2113 numine
511 2059 576 2126 poiie
590 2062 666 2126 loqui.
804 2075 834 2109 ιο

81 2134 185 2187 Praemia
201 2148 308 2203 quanta,
322 2134 391 2185 Dei!
405 2152 451 2185 nec
466 2150 505 2185 me
519 2146 589 2184 terret
606 2134 687 2183 ultima
705 2135 796 2184 tellus:
878 2199 882 2205 .

119 2208 203 2275 thue
218 2207 303 2275 priris,
320 2208 400 2259 medid
415 2208 496 2273 sospes
512 2207 537 2257 in
553 2207 622 2256 Urbe
639 2222 730 2257 moror.

83 2280 207 2343 Caesareus
221 2282 296 2334 video
308 2284 410 2341 vultus,
426 2282 494 2332 velut
508 2290 565 2330 ante
579 2278 709 2329 videbam:

120 2354 170 2407 vix
186 2354 258 2420 hujus
273 2354 326 2405 voti
343 2355 395 2421 spes
411 2354 456 2405 fuit
473 2353 523 2403 ulle
538 2352 618 2403 mihi.-

83 2427 329 2495 thue:seiutabem‚
349 2443 437 2479 numen
454 2425 552 2479 coeleste
568 2426 655 2475 saluto.
803 2438 833 2487 15

121 2500 198 2565 Quod
211 2502 299 2553 reduci
313 2502 422 2559 tribuas,
438 2501 490 2558 nil,
508 2512 588 2565 puto,
604 2496 682 2562 majus
696 2497 779 2549 habes.

85 2573 152 2639 Quid
166 2574 250 2625 nostris
266 2575 362 2633 ocutis,
380 2573 425 2625 nisi
439 2574 488 2623 soie
504 2572 594 2623 Palatia
611 2569 718 2624 desunt?

123 2648 174 2713 Qui
188 2650 258 2699 iocus
269 2682 279 2706 ,
289 2646 371 2697 abiate
386 2646 501 2704 cesare,
520 2646 574 2695 vitis
590 2645 647 2695 erit.
680 2670 683 2675 ·

83 2720 158 2775 Hunc
168 2738 217 2789 ego
226 2718 280 2773 cum
291 2720 407 2787 brebem,
418 2719 505 2769 videor
513 2719 570 2768 mibi
581 2734 682 2768 cernere
691 2716 800 2768 Romam.

121 2796 183 2848 Nam
197 2795 282 2861 patrie
298 2794 386 2845 faciem
400 2792 496 2842 sustinet
512 2792 554 2841 ille
570 2792 627 2841 suae.
801 2806 835 2840 20

84 2866 187 2921 fallor?
206 2884 236 2919 an
250 2867 305 2917 irati
319 2866 376 2917 mihi
388 2866 442 2915 sunt
457 2866 482 2915 in
497 2864 600 2930 imagine
615 2861 718 2913 vultus?
772 2866 777 2877 “

121 2938 252 3010 Tumque
267 2940 351 2995 nescio
365 2939 423 3009 quid
437 2938 514 2991 fuum
530 2936 641 2990 minantis
657 2933 754 2988 habet?
