1975 3700
212 230 285 281 122
324 209 366 277 P.
392 209 589 280 Orrurr
615 211 855 288 NAsours·

208 331 292 398 Longa
308 327 400 378 reserre
418 344 485 379 mora
502 327 537 379 esi
553 330 641 378 collata
655 330 746 380 oblivia
761 333 874 387 damnis.

243 404 288 453 Me
306 419 403 469 quoque
419 401 523 452 Romani
538 402 679 466 praeteriete
697 402 790 458 Patres.

208 476 275 542 Quid
286 468 414 526 facerem?
433 492 478 543 per
493 476 559 542 quod
569 474 654 527 fierem
663 477 786 528 manifesta
801 480 916 535 doloris
931 484 948 536 ἓ

244 549 374 617 Exigerem
387 549 472 598 nostrae
487 549 565 614 qualia
582 549 668 599 damna
681 551 772 602 nota?

146 639 196 692 315
210 622 307 674 Excidit
323 620 428 672 officium
445 620 504 672 uiui
518 621 575 670 mihi
589 623 672 672 :nulla
686 624 774 675 tuebar

145 719 147 724 ’
244 697 310 748 Rura
322 727 330 754 ,
342 711 388 744 nec
405 695 429 744 in
447 694 528 761 pretio
544 695 630 746 fertilis
645 696 731 746 hortus
747 711 811 750 erat.

207 761 268 821 Lilia
284 767 424 820 deciderant
437 785 445 818 ι
458 768 536 818 violas
551 784 619 818 arere
636 767 753 830 videres,

244 843 343 910 Filaque
360 841 457 908 punicei
471 841 582 909 languida
598 841 658 892 satta
674 844 752 896 croci.

207 918 277 983 Saepe
292 916 349 965 mihi
364 915 512 982 Zephyrus,
525 913 612 977 ‘Dotes
626 931 781 982 corrumpere
794 921 851 972 noli

146 1007 197 1060 320
246 990 298 1057 lpsa
314 1001 385 1048 tuas,
408 989 490 1047 disits
510 988 555 1039 dos
569 987 629 1038 rnihi
642 989 697 1040 vilis
713 1004 774 1042 erat.

208 1065 338 1116 Florebant
354 1064 415 1112 oleae
429 1061 517 1112 :venti
530 1078 639 1114 nocuere
655 1065 775 1128 protervi
829 1063 849 1096 'v

245 1138 377 1190 Florebant
392 1135 486 1202 segetes
501 1151 510 1184 t
527 1135 642 1202 grandine
656 1135 711 1186 laesa
720 1136 810 1189 Ceres.

207 1211 237 1262 ln
252 1211 292 1276 spe
308 1210 364 1258 vitis
381 1221 451 1258 erat:
466 1210 555 1260 coelum
570 1209 682 1276 nigrescit
695 1212 726 1260 ab
740 1211 857 1276 Austris,

244 1283 276 1333 Et
294 1281 370 1350 subiri
386 1281 486 1344 frondes
501 1282 657 1347 decutiuntur
673 1282 744 1348 aqui.

147 1376 197 1427 325
210 1359 265 1409 Nee
282 1355 350 1406 volui
365 1351 440 1413 fieri,
460 1366 507 1406 nee
525 1355 576 1405 suns
592 1355 699 1406 erudelis
712 1356 737 1406 in
752 1356 811 1416 iras

245 1429 310 1479 Cura
326 1427 461 1494 repellendi
478 1428 519 1478 sed
536 1428 594 1479 ruibi
608 1429 674 1478 nulla
690 1428 745 1495 suit

209 1504 355 1554 Convenere
370 1500 452 1552 Patres
466 1517 475 1552 t
491 1502 537 1560 dt,
552 1501 574 1552 si
587 1503 650 1552 bene
666 1502 753 1558 floreat
768 1519 870 1566 annus,

244 1575 386 1627 Numinibus
402 1574 485 1624 nostris
500 1591 579 1624 annua
594 1574 653 1626 sesla
669 1587 771 1626 rorent.

208 1649 340 1702 Annuimus
357 1660 428 1699 uoto.
442 1647 534 1698 Consul
547 1640 603 1698 euni
613 1647 719 1700 Consule
734 1649 807 1700 ludos

147 1740 198 1792 330
246 1723 366 1775 Postumio
382 1721 468 1790 Laenas
485 1721 624 1788 persoluere
640 1721 707 1776 milri.

209 1797 327 1862 Quaerere
344 1796 467 1853 conabar,
488 1810 563 1862 quare
580 1793 677 1845 lascivia
693 1795 774 1863 major

246 1870 290 1921 His
303 1870 369 1920 soret
383 1869 409 1918 in
422 1869 504 1929 ludis,
519 1868 668 1935 liberiorque
682 1870 771 1937 jocus:

209 1944 259 1995 Sed
274 1942 331 1992 milri
349 1942 483 2001 succurrit,
500 1958 590 1993 numen
604 1960 655 1993 non
671 1943 719 1993 esse
732 1942 865 2005 severum

246 2016 358 2082 Aptaque
375 2014 467 2065 deliciis
484 2006 586 2067 munera
601 2017 667 2067 serre
682 2017 771 2068 Deeru.

149 2106 179 2159 33
187 2108 199 2155 5
212 2090 335 2155 Tempora
351 2087 457 2152 sutilibus
474 2088 605 2157 cinguntur
619 2101 674 2141 tota
686 2091 803 2149 aeturus.

199 2176 201 2181 ·
247 2162 278 2212 Et
293 2162 352 2213 latet
368 2161 455 2230 injeiii
472 2161 595 2228 splendida
607 2163 687 2214 mense
700 2164 768 2219 rosi.

161 2265 164 2271 ‚
211 2236 297 2287 Ebrius
311 2235 420 2289 incinitis
434 2235 529 2305 philyri
544 2236 648 2287 conviva
664 2238 756 2303 capillis

248 2310 343 2373 Szrlrat¹
364 2310 540 2375 &imprudens
556 2309 634 2362 uritur
647 2323 701 2361 arte
717 2309 786 2361 meri.

210 2383 296 2433 Ebrius
312 2384 343 2433 ad
360 2383 444 2434 durum
459 2383 570 2435 formosae
584 2384 658 2434 limen
670 2384 753 2435 amicae

150 2472 202 2523 340
250 2456 339 2507 Cantat
352 2470 359 2507 t
373 2457 462 2507 habent
477 2456 555 2507 undae
569 2458 651 2508 mollia
667 2457 730 2509 serra
745 2472 829 2507 comte.

210 2530 285 2581 Nulla
302 2528 419 2581 coronati
432 2543 581 2601 peraguntur
594 2531 656 2583 seria
672 2531 754 2583 fronte
765 2545 773 2581 s

248 2603 304 2653 Nee
321 2602 415 2669 liquidae
431 2602 516 2655 vinetis
531 2604 591 2655 slore
609 2604 722 2655 bibuntur
736 2620 813 2669 aquae.

212 2676 302 2735 Donec
319 2692 372 2727 eras
388 2676 474 2729 mixtus
489 2679 580 2736 nullis,
597 2676 729 2737 Aeheloe',
746 2676 862 2735 racemis,
956 2675 959 2742 l

250 2749 335 2801 Gratia
352 2750 470 2801 sumenda
485 2767 536 2801 uon
549 2762 602 2803 erat
618 2752 666 2801 ulla
682 2752 751 2801 rosae.
956 2749 957 2764 ¹

152 2835 201 2889 345
215 2824 324 2875 Bacchus
341 2835 403 2874 amat
417 2823 491 2877 flores
502 2840 510 2874 ε
522 2825 619 2875 Baccho
633 2823 746 2890 placuisse
762 2838 869 2875 coronam
953 2823 955 2868 5

249 2897 286 2949 Ex
301 2896 430 2958 Ariadneo
446 2897 526 2953 sidere
542 2897 607 2949 nolle
622 2910 704 2963 potes.
952 2887 953 2902 ¹
