1975 3700
178 278 254 354 252
300 257 342 327 P.
371 257 567 331 Omma
592 257 816 326 Nasonis

178 379 226 430 Pro
238 378 322 446 quibus
332 376 432 430 affirmat
442 379 498 428 fote
507 379 532 428 se
542 391 722 440 memoremque
733 375 866 441 piumque,
856 389 868 404 ·

213 452 271 503 Sive
286 453 348 502 diem
364 453 464 508 videat,
482 451 535 501 sive
550 461 647 517 tegatur
659 449 742 498 hunno.

135 538 168 587 45
183 525 230 576 Pet
248 536 321 591 caput
337 524 386 589 ipse
402 526 468 576 suum
484 522 589 574 solitus
582 538 663 590 jurate
680 532 815 587 tuumque,

215 599 290 663 Quod
307 597 355 646 scio
371 615 420 648 non
436 597 470 647 ilii
485 598 556 647 vilius
572 594 620 647 esse
637 594 689 643 suo.

177 671 252 724 Plena
267 682 347 721 totae
364 671 437 720 tantis
453 671 575 720 referetur
589 668 665 736 gratia
678 665 763 716 fauts.

215 745 268 793 Nec
285 743 349 792 sinet
364 745 405 793 iile
420 757 477 792 tuos
493 744 550 793 litus
565 757 634 792 arare
649 741 735 790 boves.

179 819 227 869 Fac
238 814 312 866 modd
324 816 458 866 conflantet
467 817 596 883 profugum
607 828 691 864 tueare
703 828 710 861 t
723 811 788 878 quod
799 811 862 871 ine,

128 905 169 954 ·5o
217 889 267 954 Qui
283 892 346 939 bene
360 903 386 940 te
400 891 488 946 novit,
506 906 557 940 non
571 901 661 956 rogat,
679 884 728 951 ipsa
742 902 818 952 rogo.
845 955 848 960 ‚

174 976 819 1049 «κεπτ-ΨΜ»

330 1094 585 1160 ELEGIA
625 1099 675 1162 V:

175 1191 244 1309 Α
252 1271 350 1308 nutius
367 1257 482 1308 affuetutn
500 1255 613 1308 Dominae
628 1258 714 1308 natalis
730 1256 854 1307 honorem

213 1330 295 1398 Exigit
311 1347 318 1380 t
335 1331 387 1389 ite,
406 1347 506 1388 manus,
523 1331 553 1380 ad
570 1332 608 1397 pia
623 1332 705 1389 sacra,
720 1347 792 1380 meae.

176 1401 215 1452 Sic
232 1403 350 1470 quondam
366 1402 450 1453 festum
462 1403 574 1454 Laenius
590 1405 668 1471 egerit
680 1405 753 1454 heros

214 1475 301 1525 Forsan
314 1476 338 1524 in
355 1489 465 1526 extremo
481 1477 592 1544 conjugis
606 1478 666 1527 orbe
679 1477 750 1526 diem.

151 1562 165 1611 5
178 1547 269 1615 Lingua
283 1548 366 1598 favens
382 1549 463 1604 adsit,
480 1550 608 1617 longorum
622 1551 697 1601 oblita
711 1549 826 1598 maiorum
839 1563 854 1597 .-

213 1621 294 1685 Quae,
311 1633 391 1688 puto,
410 1623 526 1672 dedidicit
539 1622 587 1688 jani
603 1625 666 1672 bona
683 1624 757 1672 verba
773 1621 856 1686 loqui.

175 1691 286 1760 Quaeque
303 1694 376 1744 semei
392 1707 447 1746 toto
462 1695 533 1746 vestis
549 1696 606 1746 mihi
620 1697 720 1752 sumitur
736 1711 825 1750 anno,

212 1766 324 1817 Sumatur
339 1768 395 1818 fatis
411 1767 515 1819 discolor
529 1769 582 1819 alba
598 1770 669 1819 meis.
742 1775 745 1778 ’

175 1837 274 1909 Araque
289 1841 411 1909 gramineo
426 1841 508 1892 viridis
523 1842 554 1893 de
570 1841 665 1909 caespite
681 1840 745 1901 fiat,

133 1926 166 1965 ιο
213 1912 245 1963 Et
262 1915 329 1964 velet
345 1914 441 1981 tepidos
458 1932 520 1965 nexa
535 1932 626 1965 cotona
641 1916 722 1967 foces.

172 1985 214 2037 Da
229 1970 297 2035 nihi
299 1999 369 2044 tuta,
384 2003 462 2053 puer,
479 1989 581 2055 pingues
596 1988 708 2039 facientia
722 1988 851 2046 dammas,

211 2056 335 2125 Quodque
353 2060 395 2125 pio
410 2060 485 2111 fusum
500 2060 602 2111 stridat
595 2078 621 2110 tn
633 2063 689 2129 igne
707 2078 808 2111 metum.

172 2128 275 2197 Optime
289 2132 392 2192 natalis,
411 2134 519 2201 quamvis
532 2136 619 2201 procul
633 2135 764 2192 absumus,
785 2145 847 2198 opto

209 2203 332 2256 candidus
350 2206 397 2257 huc
413 2206 517 2265 venias,
536 2208 703 2275 dissimilisque
720 2222 785 2255 meo.

131 2288 162 2341 15
175 2275 249 2344 Sique
265 2280 332 2346 quod
347 2278 446 2330 instabat
461 2280 564 2331 dominae
580 2280 714 2331 miserabile
729 2281 840 2337 vulnus,

209 2351 245 2401 Sit
261 2352 385 2417 perfundat
402 2353 460 2402 meis
476 2365 572 2419 tempus
587 2353 612 2403 in
628 2370 700 2403 omne
713 2353 791 2402 malis.

171 2420 284 2491 Quaeque
295 2425 361 2493 gravi
372 2440 449 2491 nuper
458 2428 512 2490 plus
523 2429 592 2492 quam
603 2426 704 2492 quaffata
714 2423 822 2491 procelli
832 2423 887 2485 eff,

207 2496 284 2561 Quod
301 2496 423 2563 superest,
442 2510 522 2548 tutum
535 2516 581 2565 pet
592 2506 662 2549 'mate
674 2498 742 2549 navis
758 2510 809 2549 eat.

102 2566 107 2577 '
171 2570 214 2620 Illa
230 2570 322 2629 domo,
343 2569 446 2637 statiique
463 2571 522 2629 fua,
540 2572 665 2638 patriaque
679 2572 794 2622 ituature

125 2658 160 2695 20
209 2642 298 2710 Erepta
314 2643 366 2692 haec
380 2644 420 2693 uni
436 2645 467 2694 sit
481 2644 536 2695 satis
551 2644 598 2695 effe
615 2645 682 2694 mihi.

173 2714 301 2781 Quatenus
319 2716 344 2766 δι
359 2732 408 2765 non
423 2716 456 2767 est
471 2717 497 2767 in
513 2734 570 2768 cano
587 2717 693 2785 conjuge
707 2716 790 2776 felix,

206 2788 263 2841 Pars
278 2789 335 2839 vitat
351 2788 409 2839 trini
426 2802 508 2840 cetera
524 2791 588 2841 nube
604 2800 687 2841 vacet.

168 2861 254 2919 Vivat,
266 2874 377 2929 ametque
390 2864 477 2919 vitum,
490 2863 605 2931 quoniam
614 2866 649 2913 sic
660 2864 768 2932 cogitur,
778 2864 884 2919 absente

204 2933 408 3006 consummetque
425 2954 521 2998 annos,
539 2937 580 2990 sed
595 2937 729 2998 diunttna,
747 2936 818 2993 suos.
