1975 3700
229 229 299 300 168
341 198 858 302 P.OVrn11NAson1s

222 348 293 399 Uxor
309 349 334 399 in
349 363 465 400 aeternum
479 349 537 399 vivo
553 348 609 397 mihi
624 349 680 399 viva
695 352 820 417 negatur!
913 409 917 415 ,

260 423 292 472 Et
310 422 415 480 domus,
437 421 463 471 δε
478 421 533 472 lidae
550 422 631 471 dulcia
648 425 756 473 membra
772 424 878 475 domus!

181 495 212 559 65
227 495 346 562 Quosque
358 511 408 562 ego
425 495 534 545 fraterno
551 494 626 543 dilexi
645 512 731 554 more,
749 496 862 557 sodales,

261 568 286 619 O
301 568 307 617 !
322 569 379 618 milri
395 566 490 617 Thesei
505 566 603 633 pestora
618 566 698 633 junsla
713 568 761 619 fide
775 569 781 617 !

224 642 291 691 Dum
309 642 388 699 licet,
407 640 535 705 ampletur
547 654 556 691 t
568 658 694 705 numquam
709 642 806 693 sortasse
822 644 906 695 licebit

215 710 218 717 ¹
260 714 387 781 Ampliust
401 714 426 763 in
440 716 529 772 luctu,
547 730 602 779 quae
619 714 689 763 datur
705 715 783 774 hora,
798 719 858 767 mihi
875 720 917 769 esl.

223 789 277 838 Nec
296 804 363 837 mora
375 802 382 837 t
396 788 511 837 sermonis
528 788 603 837 verba
616 787 756 853 impersesla
774 792 907 857 relinquo,

180 876 215 928 70
266 860 437 926 Compleslens
453 861 534 909 animo
552 861 661 925 proxima
678 877 780 927 quaeque
796 881 863 913 meo.

224 935 291 985 Dum
307 936 415 1000 loquor,
434 934 459 985 &
474 933 558 983 flemus
572 951 581 991 3
600 934 660 982 caelo
673 933 829 985 nitidissimus
845 939 918 997 alto.

260 1008 336 1057 Stella
352 1007 429 1075 gravis
445 1007 535 1065 nobis,
555 1006 655 1056 Lucifer
671 1019 739 1057 ortus
756 1021 818 1058 etat.

197 1081 303 1132 Dividot
313 1081 378 1131 haud
388 1080 459 1130 aliter
470 1114 477 1139 ,
492 1082 561 1146 quim
572 1080 592 1129 si
602 1096 656 1129 mea
664 1082 772 1130 membra
781 1081 915 1149 relinquam
924 1102 932 1142 ς

261 1154 292 1203 Et
309 1172 363 1220 pars
381 1155 488 1219 abrumpi
508 1170 612 1219 corpote
629 1153 678 1203 visa
695 1154 737 1203 suo
751 1152 796 1203 est.

139 1230 142 1238 '
179 1242 212 1293 75
225 1227 264 1278 Sic
276 1226 382 1277 Priamus
393 1227 491 1285 doluit,
505 1238 564 1275 tunc
575 1224 647 1284 crim,
659 1226 685 1275 in
697 1228 819 1278 contraria
830 1229 931 1289 versus,

259 1301 361 1351 Ultores
378 1298 461 1351 habuit
476 1299 619 1366 proditionis
637 1316 725 1365 equos·

222 1372 286 1423 Tum
303 1371 363 1423 verb
380 1373 490 1423 exoritur
506 1374 597 1423 clamor
611 1373 763 1441 gemitusque
777 1390 912 1436 meorum
964 1401 965 1446 p

260 1446 291 1495 Et
308 1446 397 1496 feriunt
413 1444 496 1515 maeste
509 1444 607 1511 pestora
622 1446 686 1495 nuda
700 1463 794 1498 manus.

221 1519 285 1569 Tum
301 1517 362 1569 verb
380 1519 489 1584 coniux,
507 1519 612 1569 humeris
629 1520 738 1570 abeumis
754 1520 898 1583 inhaerens,

178 1591 212 1643 80
260 1591 358 1642 Miscuit
375 1593 426 1643 haec
440 1592 552 1659 lacrymis
568 1591 641 1641 tristia
659 1591 720 1641 dista
736 1592 792 1642 suis.

222 1668 279 1716 Non
290 1678 362 1732 potes
372 1666 444 1715 avelli
456 1680 463 1716 z
475 1665 563 1725 simul,
580 1666 610 1714 ah
622 1665 628 1713 l
641 1665 712 1715 simul
722 1665 827 1725 ibimus,
844 1668 930 1734 inquit.

257 1739 296 1788 Te
314 1739 417 1805 sequar:
435 1740 461 1791 δι
476 1736 567 1805 conjux
579 1738 666 1788 exsulis
684 1739 750 1788 exsul
765 1755 821 1790 ero.

221 1812 254 1864 Et
270 1812 329 1863 mihi
344 1810 403 1864 satia
415 1811 453 1863 via
470 1810 523 1864 ests
537 1812 563 1862 δι
578 1828 617 1862 me
633 1811 697 1878 capit
713 1812 797 1864 ultima
808 1814 898 1866 tellus.

256 1887 378 1937 Accedam
394 1887 504 1954 ptosugae
520 1885 609 1936 sarcina
623 1902 698 1952 parva
709 1885 766 1935 tati.
832 1941 835 1946 ,

177 1959 208 2022 85
221 1957 260 2009 Te
277 1959 346 2024 jubet
362 1977 376 2010 e
392 1959 468 2026 patria
483 1959 608 2010 discedere
626 1959 726 2008 Caesaris
743 1958 800 2017 ira,

256 2032 300 2081 Me
316 2033 413 2098 pietas:
428 2034 505 2099 pietas
520 2034 572 2083 haec
590 2032 649 2082 mihi
661 2031 741 2082 Cacsar
755 2033 816 2084 erit.

221 2105 290 2156 Talia
307 2107 434 2156 tentabat:
446 2106 481 2156 sic
498 2105 524 2156 ἃ
542 2117 681 2156 tentaverat
695 2116 773 2163 ante;

255 2178 353 2245 Vixque
371 2179 438 2228 dedit
453 2178 527 2228 vittas
540 2179 646 2228 utilitate
660 2195 753 2229 manus·

219 2251 357 2320 Egredior,
376 2252 428 2302 sive
443 2249 502 2301 illud
519 2263 572 2301 erat
587 2252 640 2302 sine
656 2252 743 2302 sunere
757 2252 839 2312 serti,

173 2337 208 2390 90
256 2325 382 2389 Squalidus
398 2324 507 2374 immissis
520 2324 582 2374 hirta
597 2342 641 2390 per
656 2341 699 2376 ota
714 2326 809 2378 comis»

217 2397 260 2446 llla
279 2397 364 2447 dolore
382 2398 478 2465 gravis,
496 2396 603 2447 tenebris
620 2409 729 2449 narratur
745 2398 845 2450 obortis

254 2469 404 2521 Semianimis
422 2469 500 2520 medii
515 2470 666 2536 procubuisse
684 2472 767 2522 domo.

215 2543 300 2608 thue
317 2543 464 2603 resurrexit,
484 2543 581 2593 foedatis
597 2545 699 2610 pulvere
715 2544 781 2611 turpi

252 2615 383 2673 Crinibus,
406 2617 431 2667 δι
448 2616 527 2684 gelidi
544 2619 649 2667 membra
664 2618 755 2668 levavit
770 2619 871 2676 lium03

171 2703 203 2754 95
217 2688 249 2739 Se
265 2687 357 2748 modd,
375 2688 482 2741 desertos
499 2690 573 2741 modi>
587 2689 743 2754 complorasse
761 2690 870 2741 Penates
883 2709 895 2750 ς

250 2763 348 2812 Nomen
364 2761 481 2827 &erepti
500 2763 562 2829 saepe
576 2762 672 2812 vocasse
686 2763 754 2820 siri3

213 2835 267 2886 Nec
284 2834 394 2902 gemuisse
412 2836 510 2893 mitius,
529 2839 598 2902 quim
613 2836 635 2885 si
650 2849 744 2886 nataeve
761 2854 880 2888 meumve

250 2908 352 2964 Vidisset
366 2907 465 2962 drudes
482 2923 570 2976 corpus
587 2910 677 2964 habere
692 2925 788 2979 tugost
