1975 3700
125 206 270 277 Error.
297 223 356 276 rx
381 209 527 276 Ponto
555 205 594 276 L.
619 207 687 277 IV.
716 225 791 300 357

74 325 235 374 Conveniens
251 324 340 374 miseris
354 325 406 374 haec
424 342 565 391 quamquam
583 326 659 392 gloria
675 344 724 376 non
740 325 791 386 est,

115 395 229 446 Proxima
246 398 304 446 dant
320 397 389 448 nobis
405 398 493 463 oppida
509 415 593 448 munus
611 399 684 448 idem.

77 471 134 522 Nec
151 471 228 536 pietas
242 470 327 538 ignota
343 487 398 522 mea
414 471 470 532 eii:
484 471 552 521 videt
566 472 665 538 hospita.
675 473 749 524 tellus
806 485 852 532 105

117 545 147 594 in
164 542 245 594 nostri
261 543 351 612 sacrun)
367 541 469 594 casaris
483 543 530 594 effe
547 545 630 594 domo.

80 616 153 667 Stant
169 614 259 681 paritor·
272 628 390 683 natusque
405 617 478 682 pius,
493 615 633 684 conjuxque
647 618 758 668 sacerdos
770 649 778 676 ‚

118 689 224 738 Numina
239 687 287 754 jam
301 689 365 738 faiio
382 707 432 739 non
448 691 541 740 leviora
556 691 624 740 Deo.

82 763 140 812 Neu
158 762 222 812 desit
237 777 293 826 pars
307 764 354 812 ulia
371 763 476 822 domiin
494 763 540 812 stat
555 775 658 830 uterque
674 777 811 829 nepotum

119 835 168 884 Hic
185 834 246 884 aviae
261 836 331 884 lateri
346 836 491 901 proximus,
509 837 550 886 ille
567 837 653 902 patris.
809 849 856 886 110

41 951 45 958 .
82 907 128 958 His
144 924 195 975 ego
211 908 243 957 do
259 909 334 970 tpties
348 925 402 958 curn
417 920 473 958 ture
488 910 613 974 precantia
625 909 718 968 verba,

121 981 178 1029 Eoo
193 982 289 1047 quoties
307 981 381 1048 surgit
395 983 425 1030 ab
442 982 502 1034 orbe
518 983 579 1035 dies.

84 1053 174 1111 Tota,
190 1055 250 1104 licet
265 1071 358 1120 quaeras
370 1087 378 1112 ,
392 1055 441 1104 hoc
454 1071 493 1104 rne
511 1071 560 1106 non
576 1053 668 1123 fingere
685 1055 768 1113 dicet,

123 1123 208 1177 Officii
221 1127 307 1185 testis,
328 1127 431 1179 Pontica
445 1140 530 1188 terra,
549 1129 606 1178 mei.

86 1199 191 1264 Pontica
205 1216 244 1249 rue
258 1201 351 1260 tellus,
367 1200 464 1267 quantis
478 1202 523 1269 hac
539 1199 658 1266 possumus
675 1199 737 1258 ori.
810 1211 856 1262 ¹15

122 1273 236 1322 Natalem
251 1274 313 1324 ludis
330 1273 374 1323 scit
389 1275 513 1334 celebrate
529 1275 588 1324 Dei.

87 1347 147 1406 Ner
160 1343 237 1396 minis
251 1346 383 1412 hospitibus
398 1347 476 1412 pietas
490 1347 524 1397 en
539 1347 636 1414 cognita
650 1347 723 1403 ntis,

123 1419 196 1469 Misit
209 1421 235 1471 in
251 1419 294 1468 has
308 1419 330 1470 si
345 1436 405 1485 quos
422 1421 495 1487 longa
513 1419 642 1485 Propontis
658 1435 742 1485 aquas.

86 1491 111 1542 ls
123 1507 241 1559 quoque,
259 1509 308 1558 quo
319 1493 393 1542 larus
403 1492 483 1544 inerat
492 1492 534 1543 sub
545 1485 649 1544 Praeside
660 1491 750 1544 Pontus
762 1523 770 1550 .

100 1616 106 1622 ,
126 1565 240 1616 Audierit
254 1565 329 1615 frater
345 1564 446 1615 forsitan
461 1565 501 1614 ista
517 1579 584 1616 tuus.
812 1575 860 1612 120

89 1638 199 1700 Fortuna
213 1637 246 1688 est
261 1638 336 1703 impar
347 1638 447 1698 animo,
463 1639 554 1706 talique
570 1639 674 1691 libenter

125 1711 231 1778 Exiguos
248 1727 322 1776 carpo
335 1728 434 1760 munere
451 1728 542 1778 pauper
560 1728 630 1778 opes.

89 1785 145 1853 N'ec
156 1784 239 1835 vestris
250 1783 332 1834 damus
342 1785 394 1836 haec
406 1785 484 1835 oculis
496 1817 504 1842 ,
517 1785 605 1854 proc‘ul
616 1782 684 1832 Urbe
694 1778 781 1832 remoti
795 1796 804 1838 ς

127 1856 256 1924 Contenti
265 1857 340 1907 taciti
356 1858 397 1907 sed
411 1860 503 1924 pietate
521 1858 608 1907 sumtu.

92 1930 124 1981 Et
140 1942 223 1980 tamen
239 1932 292 1981 haet
308 1943 409 1998 tangent
423 1931 552 1997 aliquando
568 1929 667 1981 Caesaris
682 1944 763 1979 aures.
815 1940 861 1987 125

128 2004 172 2053 Nil
187 2004 240 2062 illi,
258 2015 313 2053 toto
330 2004 395 2070 quod
410 2002 439 2054 fit
455 2005 479 2053 in
497 2006 574 2062 orbe,
592 2006 662 2053 latet.

91 2076 133 2126 Tu
149 2076 218 2127 cert'e
231 2075 276 2127 iris
292 2078 342 2127 hoc
355 2076 453 2143 Superis
467 2077 576 2135 adscite,
595 2076 731 2141 ridesque,

131 2148 230 2214 Caesar,
249 2161 277 2199 ut
287 2149 325 2200 *en
341 2150 418 2200 oculis
432 2149 524 2201 subdita
539 2161 604 2199 terra
620 2148 679 2199 tuis.

92 2222 135 2273 Tu
151 2222 241 2276 nostras
258 2223 327 2272 audis
343 2224 407 2273 inter
424 2239 533 2273 convexa
549 2224 644 2271 locatus
840 2276 843 2283 ,

99 2296 105 2302 ’
131 2295 238 2358 Sidera,
252 2295 346 2347 solicito
364 2312 422 2361 quas
439 2296 520 2347 damus
537 2311 600 2353 ore,
620 2308 717 2359 preces·
817 2303 865 2355 130

94 2367 243 2432 Perreniant
258 2368 315 2419 istuc
332 2369 358 2419 &
373 2369 476 2419 carmina
492 2366 669 2423 fontanini,

133 2440 197 2504 Quae
213 2441 245 2507 da
259 2454 285 2491 te
301 2442 353 2493 rnisi
372 2442 453 2493 coelite
468 2440 529 2491 nna
546 2455 622 2499 novo.
750 2494 755 2503 ff

96 2512 214 2583 Auguror
229 2514 267 2564 his
280 2514 353 2581 igitur
369 2514 432 2564 flaui
447 2527 490 2565 tua
504 2514 619 2583 numina,
637 2527 682 2563 nec
698 2524 725 2563 tu
813 2529 815 2531 ·

133 2585 257 2640 immeriti>
268 2604 360 2639 nornen
373 2587 432 2639 mite
441 2587 554 2651 *Parentis
569 2586 653 2637 habes.
