1975 3700
100 301 381 369 Fisronuar
406 299 508 368 [ιε.
533 301 616 370 ΙΙΙ.
667 323 718 395 79

79 437 132 486 aque
148 415 198 469 crim
213 418 296 468 videat
312 430 401 484 praeter
415 417 456 478 sua
471 418 560 468 lumina
576 419 636 470 sarri
727 418 777 486 635

82 497 126 544 ulta
138 495 232 558 palam,
252 491 315 541 mitti
332 492 393 541 clam
409 507 507 559 quoque
521 493 596 542 multa
610 505 690 559 putat.

87 580 163 618 tamen
177 565 303 624 erastum,
322 565 378 632 quid
392 579 454 634 agat.
470 565 599 616 furialiter
613 568 665 618 odit
679 598 687 627 ,

79 654 159 706 :parat
173 639 289 697 insidias,
310 638 336 690 δι
353 639 419 705 cupit
436 639 485 689 ulta
502 639 573 690 moti.

81 723 133 763 'erat
146 729 154 764 a
168 727 222 764 ante
236 725 317 762 torum
333 711 381 763 visa
397 711 431 763 est
446 711 536 762 adstare
552 712 660 774 suroris,

79 786 183 850 jualenti,
198 787 284 845 Dido,
302 786 482 854 sanguinulenta
500 786 579 837 comi.
727 787 780 850 640

79 861 150 928 iuge,
161 877 190 910 ne
201 860 298 920 dubita,
309 859 414 910 marium
425 859 482 928 suge
491 893 499 919 ,
509 861 606 920 dicere,
615 859 715 912 aeuum.

79 935 98 983 lb
113 935 210 984 verbum
226 934 336 1001 querulas
352 933 447 1000 impulit
461 951 520 983 aura
535 934 611 986 sures.

81 1008 118 1065 ita
137 1008 162 1058 dt
175 1008 247 1058 velox
261 1007 344 1056 humili
358 1007 428 1074 super
442 1022 500 1058 arva
516 1007 620 1058 senestri

93 1080 151 1147 jacit
163 1096 170 1131 a
182 1081 296 1131 audacem
309 1080 404 1130 lecerat
419 1081 470 1147 ipse
484 1081 566 1132 timor.

79 1171 115 1220 [ue
131 1165 197 1206 metu
212 1154 322 1220 rapitur,
341 1153 423 1204 eunici
438 1155 521 1204 velata
536 1154 661 1215 retinsia,
728 1155 780 1217 645

79 1229 146 1286 irrit,
165 1240 192 1278 ut
207 1227 294 1278 auditis
310 1227 395 1278 territa
411 1227 479 1277 dama
494 1228 565 1293 lupis.

78 1303 129 1370 igar
143 1303 204 1352 hanc
219 1301 313 1366 cupidis
329 1299 429 1368 rapuisse
444 1301 569 1352 Numicius
584 1300 655 1352 undis

79 1373 177 1434 editui,
196 1375 222 1425 δ(
238 1374 324 1442 stagnis
341 1373 470 1426 occuluisse
488 1373 545 1426 suis.

79 1449 103 1499 ris
119 1449 212 1501 interea
226 1464 315 1516 magno
330 1449 437 1498 clamore
453 1464 497 1514 per
513 1464 585 1518 agros

79 1522 168 1574 iaeritur
179 1538 187 1594 ς
199 1534 316 1589 apparent
330 1522 398 1590 signa
412 1532 524 1589 notaeque
538 1523 637 1590 pedum.
728 1520 745 1572 6
749 1537 781 1584 50

79 1613 116 1644 um
133 1609 184 1648 erat
199 1596 230 1646 ad
244 1595 327 1662 ripas:
341 1594 435 1646 inerant
448 1595 547 1664 vestigia
562 1597 630 1663 ripis.

79 1669 156 1720 [linuit
168 1669 254 1720 tacitas
269 1668 378 1720 conscius
393 1669 467 1719 amnis
482 1686 565 1735 aquas.

79 1742 142 1809 loqui
156 1742 204 1792 visa
219 1741 270 1801 esi,
289 1741 381 1792 Placidi
397 1743 446 1792 sum
462 1743 576 1809 Nympha
590 1739 708 1801 Numici;

79 1831 121 1867 nne
137 1831 245 1882 perenne
260 1817 337 1867 latens
352 1817 422 1866 Anna
436 1813 546 1866 Perenna
560 1831 646 1867 vocor.

79 1908 118 1940 sus
136 1890 220 1941 erratis
235 1891 286 1941 laeti
302 1890 432 1941 vescuntur
448 1890 472 1939 in
488 1890 573 1959 agris3
682 1936 686 1944 ,
728 1889 761 1953 65
768 1904 779 1952 5

88 1965 213 2013 celebrant
230 1965 298 2031 largo
312 1964 385 2030 seque
402 1963 515 2030 diemque
529 1980 608 2015 mero.

80 2038 97 2085 Γ
106 2038 192 2103 quibus
199 2036 326 2088 haecLuna
337 2036 437 2103 esl,quia
444 2038 566 2087 mensibus
574 2038 674 2103 impleat
683 2052 782 2096 annum;

80 2128 97 2160 rs
112 2111 239 2169 Themin,
257 2110 378 2161 Inachiam
393 2127 447 2176 pars
462 2122 532 2177 putat
547 2110 594 2161 elle
610 2112 709 2161 bovem.

80 2184 115 2235 ies
130 2216 137 2243 ,
156 2185 198 2250 qui
212 2194 239 2235 te
254 2184 384 2252 Nymphen
399 2184 522 2234 Atlantida
535 2184 616 2234 dicant
628 2201 637 2243 ;

80 2274 127 2324 que
143 2257 201 2309 Jovi
216 2258 325 2325 primos,
344 2257 434 2316 Anna,
454 2256 543 2307 dedisse
560 2259 643 2308 cibos..
729 2256 782 2308 660

80 2346 192 2397 quoque,
203 2348 274 2397 quam
285 2330 402 2388 reseram,
414 2329 504 2381 nostras
514 2332 666 2397 pervenitad
676 2348 746 2381 aures

80 2421 111 2452 na
125 2420 131 2454 :
145 2420 192 2453 nec
209 2422 224 2454 a
239 2403 297 2454 veri
313 2404 414 2454 dissidet
427 2404 468 2453 illa
483 2402 541 2455 lide.

88 2490 183 2534 verus,
202 2477 228 2529 δι
243 2478 314 2528 nullis
329 2478 459 2528 etiamnum
473 2489 527 2527 tuta
538 2476 673 2538 Tribunis,

80 2550 126 2617 git,
146 2550 173 2601 δι
188 2550 214 2601 in
230 2551 289 2602 sacri
303 2552 396 2602 vertice
410 2552 499 2601 montis
514 2551 573 2602 abit.

81 2640 166 2691 noque
177 2658 185 2682 ,
202 2641 274 2691 quem
285 2626 366 2675 secum
376 2626 500 2683 tulerant,
516 2625 643 2676 defecerat
652 2625 708 2675 illos
727 2621 761 2672 66
766 2636 779 2684 5

80 2698 122 2746 :lus
138 2731 146 2755 ,
168 2698 195 2748 δι
210 2698 319 2749 humanis
333 2698 416 2749 usibus
433 2710 489 2764 apta
505 2698 591 2749 Ceres.

79 2771 227 2820 suburbanis
244 2772 351 2839 quaedam
367 2770 413 2820 suit
426 2772 497 2821 Anna
509 2770 610 2823 Bovillis

80 2861 151 2907 per,
172 2844 215 2893 sed
232 2847 326 2897 mundae
341 2844 492 2901 sedulitatis,
510 2863 579 2897 anus.

80 2918 132 2965 levi
150 2917 225 2968 mitri
242 2936 316 2970 canos
332 2919 442 2969 redimita
459 2920 582 2985 capillos,

80 2991 156 3060 gebat
170 2993 278 3044 tremuli
292 2992 377 3046 rustica
391 2992 439 3044 liba
453 2990 536 3046 ¹manu.
609 3062 635 3115 D
649 3061 656 3078 ο
728 2989 781 3055 ⁶70

649 3077 678 3115 iv
