1975 3700
101 243 104 248 “
208 233 256 304 28
306 230 347 300 P.
377 229 570 302 Ονιυιι
596 232 823 304 Nasonis

207 355 262 403 Nec
270 366 351 403 tamen
359 352 383 401 id
392 351 474 400 salsum
484 367 490 400 τ
501 368 555 400 nam
563 384 571 409 ‚
579 351 626 401 Dis
635 385 642 409 ‚
650 365 678 400 ut
685 355 797 418 proxima
805 372 929 423 qumque,

244 428 317 476 Nunc
330 425 409 492 perusa
422 441 511 483 veras,
529 441 593 473 nunc
609 425 671 474 datis
686 443 747 484 ore,
765 440 847 476 notas·

206 500 271 550 Tuta
282 501 322 548 diu
333 500 458 548 volucrum
470 500 552 564 proles
564 531 572 556 ,
585 510 637 548 tum
649 499 753 564 denique
763 500 822 550 caesa
833 500 872 550 est
884 519 894 552 ι

143 591 197 638 450
244 572 258 624 J
261 583 411 637 uveruntque
422 572 493 620 Deos
504 571 589 620 indicis
605 583 662 621 exta
673 571 728 621 sui.·
816 618 821 625 ,

206 647 271 713 Ergo
283 647 344 710 saepe
357 677 364 702 ‚
380 645 424 692 suo
438 643 529 708 conjux
538 644 638 693 abdusia
651 646 757 703 marito,
862 674 868 683 ·

242 719 328 769 Uritur
341 719 365 766 in
381 717 463 766 calidis
478 719 532 766 alba
548 718 658 766 columba
671 718 743 768 focis.

205 793 260 842 Nec
272 791 369 842 defensa
383 789 468 856 juvant
479 789 618 856 Capitolia,
634 806 681 856 quo
692 792 769 841 minus
780 791 852 843 anser

242 866 294 915 Det
306 863 373 930 jecur
384 863 408 912 in
419 865 521 922 lances,
540 863 624 912 Inachi
634 866 699 913 lauta
710 897 718 924 ,
735 877 799 917 tuas.

143 957 194 1005 455
207 939 285 989 Nosie
296 939 359 988 Deae
369 937 445 987 Nosti
456 937 564 986 cristatus
579 938 679 986 ceditur
688 940 739 988 aies
751 972 759 998 ,

242 1012 317 1076 Quod
331 1012 439 1076 tepidum
449 1011 515 1076 vigili
526 1022 646 1074 provocat
657 1026 700 1059 ore
716 1012 789 1062 diem.

77 1095 82 1104 '
136 1087 158 1096 ‘'
205 1087 303 1136 Interea
313 1083 421 1148 Delphin
432 1085 521 1132 clarum
532 1084 603 1148 super
614 1098 711 1149 aequora
725 1085 790 1136 sidus

242 1159 349 1208 Toliitur
361 1174 369 1215 3
390 1156 415 1207 &
426 1157 510 1221 patriis
521 1157 610 1206 exserit
621 1174 664 1206 ora
674 1158 752 1208 vadis.

206 1229 361 1286 POSTERA
375 1231 417 1280 lux
425 1231 530 1280 hiemem
539 1231 620 1279 medio
632 1230 763 1280 discrimine
774 1230 855 1298 signat
866 1249 879 1292 ς

143 1307 196 1370 460
244 1303 371 1370 AEquaque
382 1305 512 1370 praeteritae
523 1337 530 1362 ,
547 1321 600 1369 quae
611 1303 747 1368 superabit,
763 1306 820 1355 erit.

207 1377 368 1428 PROXIMA
379 1377 508 1442 prospiciet
519 1377 629 1426 Tithono
639 1388 714 1442 nupta
723 1378 808 1427 relisio

243 1450 353 1500 Arcadiae
367 1450 456 1500 sacrum
469 1448 608 1514 pontificale
621 1450 693 1500 Deae.
798 1445 801 1448 ⁴

206 1526 244 1575 Te
257 1539 353 1590 quoqne
366 1525 407 1573 lux
417 1522 501 1571 eadem
512 1555 519 1580 ‚
532 1522 611 1571 Turni
621 1523 688 1572 soror
699 1555 706 1581 ‚
721 1524 774 1574 aede
784 1525 884 1590 recepit
894 1545 906 1586 3

243 1597 291 1647 Hic
302 1597 343 1646 ubi
352 1595 469 1663 Virginei
481 1595 585 1662 Campus
597 1596 678 1645 obitur
689 1597 759 1662 aqui.

144 1673 195 1738 465
207 1671 280 1723 Unde
291 1683 372 1736 petam
384 1668 464 1719 causas
475 1669 562 1718 horuna
573 1702 581 1727 ‚
593 1685 734 1735 moremque
744 1669 868 1722 sacrorum
881 1671 896 1722 ἓ

243 1745 340 1812 Dirigat
353 1745 376 1792 in
389 1743 469 1792 medio
481 1743 533 1808 quis
546 1759 601 1792 men
611 1745 667 1792 vela
677 1741 765 1792 freto?

208 1819 260 1885 ipsa
270 1833 342 1868 mune
352 1851 363 1875 ‚
376 1833 433 1883 ¹quae
443 1831 534 1866 nomen
542 1817 617 1866 habes
627 1832 641 1865 a
652 1816 756 1866 carrnine
766 1816 883 1876 dushsm,

244 1891 422 1957 Propositoque
435 1889 510 1948 save',
526 1906 557 1939 ne
568 1901 623 1939 tuus
637 1903 703 1940 erret
711 1892 799 1941 honos.

208 1966 272 2017 Orta
283 1965 349 2031 prior
359 1962 425 2014 Luni
437 1996 445 2021 ‚
463 1964 492 2012 de
505 1964 529 2013 se
541 1964 562 2012 si
573 1964 679 2013 creditcu
688 1964 752 2029 ipsi,

145 2057 199 2105 470
246 2038 269 2087 A
280 2055 366 2106 magno
381 2038 453 2086 tellus
463 2036 560 2085 Arcade
569 2053 658 2086 nornen
668 2038 751 2087 habet.

208 2111 256 2162 Hic
267 2110 312 2175 suit
323 2110 434 2161 Evander
445 2126 452 2159 ι
465 2110 522 2175 qni,
535 2115 675 2176 quamquam
686 2111 764 2161 ciarus
774 2121 883 2178 utroque
895 2148 906 2173 ,

243 2186 357 2235 Nobilior
367 2185 437 2233 sacrae
449 2183 560 2250 sanguine
571 2183 653 2233 matris
664 2196 726 2234 etat.

206 2259 289 2323 Quae,
304 2259 374 2307 simui
384 2257 507 2307 aethereos
516 2256 596 2305 animo
612 2268 760 2323 conceperat
772 2256 860 2324 ignes,
922 2304 929 2313 ,

245 2332 298 2382 Ore
312 2332 382 2380 dabat
392 2346 453 2379 vero
467 2330 570 2378 connina
580 2331 653 2394 plena
661 2330 721 2379 Dei.

145 2422 196 2471 475
209 2406 313 2455 Dixerat
324 2406 374 2453 haec
389 2415 446 2451 nato
458 2414 537 2452 motus
548 2402 633 2452 instare
646 2436 654 2461 ,
666 2404 759 2469 sibique
772 2436 780 2462 ,

244 2478 371 2543 Multaque
382 2488 502 2541 praterea
513 2490 521 2526 e
531 2488 642 2541 tempore
655 2477 723 2527 nasia
732 2475 814 2527 fidem.

206 2553 268 2603 Nam
280 2550 393 2616 juvenis,
410 2549 469 2599 veri
483 2549 579 2599 nimium
592 2566 647 2599 eum
659 2545 735 2599 rnatr'e
749 2550 844 2616 sugatur
859 2583 868 2609 ,

242 2622 478 2673 Deserit‘Arcadiam
490 2622 686 2688 Parrhasiumque
700 2625 785 2673 larem.

206 2698 253 2748 Cui
265 2697 367 2763 genitrix
380 2695 465 2753 ilenti,
483 2696 589 2745 fortuna
602 2697 719 2754 viriliter,
736 2696 831 2761 inquit,

144 2773 197 2835 480
245 2768 256 2835 (
267 2768 341 2827 siste,
357 2784 434 2836 puer,
452 2769 569 2835 iacrymas
578 2768 643 2833 >ista
652 2770 752 2819 serenda
760 2771 803 2819 tibi
813 2768 856 2819 esi.

204 2845 244 2895 Sic
257 2842 344 2892 eratin
355 2843 409 2892 satis
421 2858 428 2892 ε
442 2858 486 2891 nec
497 2855 523 2892 te
534 2852 575 2890 tua
587 2843 657 2908 culpa
672 2842 784 2911 fugavit,

240 2916 289 2969 Sed
299 2914 368 2969 Deus
381 2931 388 2967 z
402 2914 513 2976 offenso,
529 2915 609 2983 pulsus
622 2932 649 2969 es
662 2918 742 2976 urbe,
759 2915 829 2969 Deo.
