1975 3700
160 275 616 348 FnsrorturtL‘ru.
645 281 688 348 V.
727 297 802 372 127

15 447 22 458 ,
87 397 136 447 Sed
150 409 232 448 tamen
247 399 301 448 haec
315 397 362 448 tria
375 397 429 448 sunt
444 397 485 447 sub
500 396 589 447 eodem
605 408 718 465 ternpore
732 398 792 450 sella

14 505 17 530 ,
125 472 192 521 lnter
208 471 232 524 se
249 473 316 523 nullo
334 472 473 522 continuata
489 471 538 521 die.

14 561 21 608 ρ
90 544 204 607 Quorum
220 545 241 595 si
257 545 342 595 mediis
357 545 464 596 Boeotort
479 543 575 596 Oriona
591 561 707 615 quartem

14 653 20 682 .,
125 617 205 669 Falsus
223 619 271 668 eris
284 635 292 669 t
304 619 365 687 signi
379 619 448 670 causa
463 619 572 669 canenda
585 619 653 670 mihi.

18 723 23 733 ·
87 690 219 757 luppiter,
239 691 265 743 &
280 692 330 742 lato
345 693 386 760 qui
401 705 486 760 regnat
502 693 528 741 in
543 709 642 760 equore
657 691 754 754 frater,
808 705 862 757 495

14 797 23 829 5
126 763 265 831 Carpebant
279 764 375 824 lotias,
393 765 600 833 Mercuriusque,
617 766 678 816 vias.

88 837 199 903 Tempus
214 850 286 897 erat,
303 855 353 905 quo
366 839 434 890 versa
447 836 508 906 jugo
524 838 665 890 reseruntur
679 851 778 897 aratrat

127 910 159 960 Et
175 925 276 977 pronum
292 911 377 962 santra
393 912 431 962 lac
448 912 508 961 bibit
524 927 600 979 agnus
613 913 678 962 oris.

12 1043 13 1050 ἵ
89 986 166 1034 Forte
183 983 257 1035 senex
273 984 399 1053 Hyrieus,
419 983 510 1052 angusti
524 986 605 1036 cultor
621 985 713 1052 agelli,

128 1057 182 1109 llos
198 1057 286 1117 videt,
302 1059 413 1126 exiguam
428 1057 504 1108 stabat
519 1070 546 1109 ut
563 1071 619 1108 ante
634 1058 719 1108 casam.
815 1075 866 1120 500

14 1169 19 1198 ;
88 1130 173 1196 Atque
183 1129 230 1192 ita,
243 1131 328 1200 Longa
337 1133 376 1181 via
386 1130 434 1190 ell,
446 1145 493 1182 net
503 1142 615 1198 tempora
624 1133 696 1200 longa
707 1131 848 1200 supersunt,

73 1229 76 1235 ·
127 1205 218 1264 Dixitr
238 1205 263 1256 δι
280 1204 411 1271 hospitibus
425 1205 498 1272 janua
511 1205 589 1256 nolira
605 1217 684 1271 petet.

15 1316 18 1322 ,
89 1276 191 1328 Addidit
209 1277 235 1329 &
249 1279 344 1329 vultum
358 1279 458 1338 verbis,
474 1280 610 1345 iterumque
624 1277 731 1346 rogavit.

115 1349 217 1402 vParent
231 1351 374 1418 promissis,
390 1352 589 1420 dissimulantque
605 1352 686 1403 Deos.

11 1467 16 1498 ι
89 1423 166 1474 Testa
182 1423 243 1476 senis
260 1425 382 1484 subeunt,
397 1425 468 1494 nigro
485 1426 603 1477 deformia
619 1426 706 1478 sumet
815 1438 865 1489 505

129 1498 192 1565 lgnis
206 1498 231 1547 in
248 1497 361 1550 hesterno
376 1497 454 1564 stipite
470 1516 558 1566 pervus
574 1511 637 1549 erat.
675 1558 679 1566 ⁸

10 1561 12 1570 '
89 1571 144 1636 lpse
159 1604 167 1630 ,
187 1588 251 1640 genu
266 1572 369 1638 posito,
388 1572 493 1622 flammas
509 1573 639 1623 exsuscitat
654 1571 733 1631 auri,

127 1643 158 1694 Et
173 1645 264 1712 promit
278 1645 369 1712 quassat
383 1645 571 1712 comminuitque
587 1645 663 1696 sacer.

10 1759 14 1794 ἶ
90 1717 163 1769 Stant
174 1718 264 1768 calices
277 1733 284 1767 t
298 1718 377 1767 minor
386 1718 443 1768 inde
453 1717 521 1768 sabas
531 1752 540 1777 ,
551 1719 605 1768 olus
617 1717 679 1767 alter
687 1717 830 1776 babebantt

129 1789 160 1840 Et
177 1790 285 1857 spumant
300 1789 362 1840 teiln
376 1789 467 1857 pressus
484 1802 590 1859 uterque
605 1790 657 1840 stro.
817 1805 869 1855 5¹0

23 1907 27 1915 ,
90 1866 208 1930 Dumque
219 1880 285 1915 mora
295 1864 348 1924 est,
365 1865 467 1915 tremuli
478 1865 520 1915 dat
528 1864 583 1915 vim
594 1863 705 1915 rubentia
715 1863 811 1915 dextri.

129 1938 229 2003 Accipit
243 1954 369 2005 aequoreus
385 1940 473 2006 pocula
488 1938 566 2005 prima
581 1938 662 1993 Deus.

91 2012 156 2077 Qua
173 2012 243 2062 simul
257 2012 390 2073 exhausit,
409 2012 449 2062 Da
463 2028 528 2062 nunc
544 2012 612 2063 bibat
629 2011 734 2072 ordine,
750 2010 830 2071 dixit,

128 2084 142 2137 J
145 2085 240 2151 uppiter
251 2100 260 2136 t
273 2086 380 2145 audito,
398 2086 482 2151 palluit
497 2085 560 2145 ille,
577 2086 650 2138 Jove.

93 2160 129 2210 Ut
143 2159 215 2209 rediit
229 2160 344 2218 animus,
362 2160 481 2209 cultorem
497 2160 610 2225 pauperis
624 2159 676 2226 agri
816 2170 866 2223 515

127 2232 259 2292 immolat,
277 2232 304 2282 bt
320 2248 409 2298 magno
425 2244 506 2281 torret
519 2232 546 2281 in
561 2232 618 2299 igne
635 2232 735 2281 bovem.

93 2305 206 2371 Quaque
219 2320 281 2372 puer
295 2306 416 2371 quondam
430 2304 512 2373 primis
527 2302 655 2355 diffuderat
672 2304 758 2365 annis,

129 2378 214 2429 Prodit
230 2377 324 2428 fumoso
341 2378 438 2428 condita
452 2379 510 2428 vina
524 2378 596 2429 cado.

92 2453 148 2503 Nec
164 2466 231 2501 mora
242 2470 251 2501 ι
263 2445 400 2501 flumineam
416 2451 466 2501 lino
483 2453 616 2501 celantibus
631 2451 731 2510 ulram,

129 2524 170 2574 Sic
185 2540 283 2591 quoque
300 2542 350 2575 nnn
365 2526 437 2583 altis,
454 2525 595 2576 discubuere
610 2525 681 2576 torit.
817 2536 869 2585 520

93 2599 166 2649 Nunc
182 2596 262 2663 dape,
281 2615 345 2649 nunc
360 2598 444 2664 posito
458 2598 545 2649 mense
561 2599 655 2650 nituere
672 2598 759 2664 Lyaeo.

130 2670 209 2721 Terra
223 2672 311 2721 rubens
329 2683 427 2729 crater,
446 2672 535 2737 pocula
549 2672 618 2741 sagus
634 2683 713 2721 erant.

48 2806 55 2815 ,
94 2744 179 2796 Verba
194 2743 263 2794 suere
278 2742 367 2802 Jovis;
385 2744 411 2794 Si
426 2745 483 2811 quid
501 2745 548 2795 sert
562 2746 687 2812 impetus,
705 2755 762 2811 opta
776 2758 785 2800 c

131 2816 212 2867 Omne
227 2817 301 2867 seres.
318 2816 408 2868 Placidi
422 2820 498 2869 verba
514 2820 582 2870 suere
600 2818 684 2876 senis;

93 2890 157 2941 Cara
172 2891 218 2940 fuit
235 2890 345 2958 conjux,
363 2892 445 2959 primae
461 2892 520 2943 mibi
535 2910 593 2944 cura
609 2892 716 2958 juvente
815 2902 848 2955 32
854 2905 865 2952 5

130 2962 236 3037 Cognita
249 2981 258 3018 t
271 2980 336 3018 nunt
351 2966 391 3018 ubi
408 2967 458 3028 sit,
477 2965 606 3035 queritis?
627 2982 687 3017 urna
703 2961 776 3088 tfeqpt.
