1975 3700
161 239 299 304 Errrr.
324 251 384 304 nx
410 235 552 303 Porro
578 233 618 302 L.
648 235 718 307 IV.
746 257 826 332 347

106 355 219 422 Siquis,
235 354 298 406 utin
308 355 420 420 populo,
437 351 582 420 quiritis&
592 352 678 412 unde,
694 355 820 421 requiret:

141 428 248 478 Nomina
263 426 368 493 decepti
385 427 499 494 qualibet
516 425 659 476 anteferat.

105 503 144 554 Ut
161 502 194 551 sit
210 501 387 558 crinitorum,
403 501 467 554 sieut
482 515 540 550 reor
552 497 621 557 effe,
638 497 710 550 lateri
719 519 732 560 ι

142 575 229 626 Verba
240 576 318 626 minus
335 573 403 624 certe
417 572 472 624 fieta
486 573 581 623 timoris
596 573 695 623 habent.

105 648 187 714 Copia
202 664 250 698 nec
263 648 356 706 vobit,
372 648 424 697 ullo
439 645 604 713 prohibente,
622 645 721 696 videndi
832 660 862 712 ις

144 720 277 779 Consulis,
298 732 327 771 ut
340 721 415 770 limen
430 719 582 786 contigeritis
593 753 602 778 ,
620 719 676 768 erit.

106 793 158 845 Aut
171 808 243 862 reget
258 795 301 844 ille
318 793 373 844 suot
389 793 495 844 dicendo
510 791 564 858 juta
580 791 711 854 Quirites.

142 867 306 934 Conspicuunr
319 867 393 935 signis
410 863 464 916 erim
479 877 575 932 premet
590 866 653 916 altur
668 867 748 916 ebur:

104 941 176 999 Aut,
192 942 277 1008 populi
292 941 385 992 reditus
400 941 505 1005 positam
524 951 657 1004 componet
672 939 702 989 ad
719 938 826 998 heliam,

142 1015 175 1066 Et
190 1016 265 1065 rninui
279 1031 373 1082 magnae
389 1030 439 1063 non
454 1013 519 1064 sinet
535 1013 609 1064 Urbis
629 1029 699 1077 opes.
787 1067 790 1072 ,
828 1027 863 1062 20

106 1087 178 1146 Aut,
196 1100 225 1138 ut
238 1101 311 1139 erunt
327 1087 411 1138 Patres
425 1087 450 1136 in
466 1085 529 1140 Julia
545 1088 635 1151 templa
652 1085 755 1145 vorati,

142 1162 185 1212 De
200 1174 269 1212 nuto
286 1161 364 1229 dignis
380 1159 487 1211 Consule
502 1160 575 1212 rebus
591 1170 657 1226 aget.

106 1233 158 1285 Aut
175 1235 240 1286 feret
253 1234 362 1302 Augusto
378 1233 472 1284 solitam
488 1244 595 1298 natoque
611 1231 731 1291 salutern,

142 1308 234 1375 Deque
250 1324 334 1374 parurn
348 1319 411 1358 noto
425 1306 537 1356 consulet
553 1303 644 1354 officio.

105 1380 217 1447 Tempus
233 1384 264 1432 ab
279 1381 317 1431 bis
331 1395 435 1430 vacuum
451 1377 532 1430 Caesar
550 1377 710 1428 Germanicus
727 1392 800 1428 omne
828 1391 861 1442 25

142 1454 248 1505 Auferet
260 1470 295 1506 :a
310 1454 403 1522 magnit
417 1453 482 1502 hune
499 1451 558 1501 colit
575 1452 615 1502 ille
627 1451 700 1502 Deis.

105 1527 168 1578 cun
184 1541 264 1587 tamen
279 1544 293 1576 a
307 1529 379 1578 turba
393 1543 477 1579 return
491 1524 642 1591 requieverit
657 1525 765 1581 harunrr

142 1601 184 1651 Ad
198 1618 244 1652 vos
259 1601 393 1652 mansuetas
407 1599 517 1666 porriget
531 1598 573 1647 ille
589 1614 672 1648 manns
684 1615 693 1656 r

107 1674 223 1741 Quidque
233 1690 321 1740 parens
332 1689 381 1741 ego
390 1671 469 1722 vester
478 1687 565 1739 agam,
579 1669 677 1722 lorraffe
688 1669 796 1736 requiret
809 1683 818 1722 t

143 1748 214 1798 Talia
227 1765 273 1799 vos
290 1748 327 1798 illi
342 1746 446 1797 reddere
460 1746 542 1796 verbe·
552 1745 636 1794 veliin.
828 1751 863 1805 30

107 1821 177 1874 Vivit
192 1821 291 1881 adhuc,
306 1820 429 1888 vitamque
441 1817 492 1869 tibi
508 1818 598 1869 debere
615 1817 726 1875 letetur,
799 1833 803 1841 ·

143 1893 225 1960 Quam
240 1893 305 1961 priris
320 1892 337 1944 a‘
347 1893 401 1943 miti
416 1892 512 1943 Casare
528 1908 613 1942 munus
628 1890 710 1941 habet.

107 1970 145 2019 Te
160 1969 225 2028 sibi,
242 1966 296 2019 crint
311 1968 427 2036 fugeret,
443 1966 545 2017 mentori
559 1965 622 2015 solet
639 1980 682 2015 ore
697 1962 811 2021 referre,

142 2042 263 2093 Barbatia
281 2054 347 2093 tutat
365 2039 496 2091 exhibuiffe
513 2038 575 2090 vias

106 2116 229 2183 Sanguine
243 2114 373 2165 Bistonium
389 2114 455 2180 quod
469 2129 520 2163 non
535 2110 682 2195 tepefecerit
697 2109 800 2168 ensem,
829 2120 862 2172 35

143 2186 262 2239 Effeeun
278 2190 338 2239 euri
352 2187 456 2254 peeoris
472 2184 520 2236 effe
535 2185 582 2235 tui.

108 2259 198 2312 Addita
213 2273 333 2329 praeterea
348 2262 406 2310 vite
421 2275 519 2326 quoque
535 2258 610 2307 multa
623 2255 721 2307 tuende
811 2298 817 2303 .

143 2335 269 2394 Munera,
290 2352 323 2385 ne
338 2333 449 2419 proprias
464 2343 604 2382 attenuaret
619 2346 689 2415 ppes.

109 2407 158 2459 Pro
173 2409 260 2476 quibus
276 2420 305 2458 ut
321 2407 415 2457 rneritis
429 2405 551 2456 referatur
566 2404 660 2471 gratia,
678 2401 762 2469 juret,

144 2482 178 2533 Se
194 2483 249 2532 fore
264 2481 377 2546 mancipii
395 2490 491 2545 tempus
507 2473 534 2528 in
550 2493 622 2529 omne
638 2476 682 2527 rui.
830 2486 867 2533 40

109 2556 171 2605 Nam
186 2553 253 2622 priris
268 2555 383 2605 umbrosa
400 2553 520 2603 carituros
535 2552 621 2601 arbore
637 2560 756 2605 montes,

144 2629 176 2679 Et
189 2629 254 2679 freta
271 2628 390 2678 velivolas
404 2642 455 2676 non
468 2626 579 2675 habitura
594 2634 678 2681 rates,

108 2702 265 2769 Fluminaque
281 2702 306 2752 in
322 2702 405 2751 fontes
422 2700 492 2749 eursu
508 2698 616 2749 reditura
634 2695 739 2761 supinor
816 2734 821 2741 .

102 2786 106 2793 '
146 2775 233 2827 Gratia
252 2778 321 2841 quint
337 2773 418 2824 metiti
432 2772 511 2838 poerit
527 2771 593 2821 abire
608 2770 654 2819 tui.

109 2849 171 2899 Haec
187 2850 229 2899 ubi
244 2848 376 2905 dixeritis,
394 2845 476 2895 servet
488 2846 530 2895 sua
544 2844 625 2901 dona,
642 2853 738 2909 rogate.
831 2850 864 2898 45

147 2923 188 2974 Sic
202 2923 276 2973 luerit
289 2921 373 2973 vestra
386 2920 455 2971 causa
469 2917 566 2987 pera&
579 2918 638 2979 Vlaer
719 2982 774 3035 P,
829 2983 832 2991 ,

753 3000 777 3052 u]
