1975 3700
111 274 414 345 Mororum
441 274 645 347 LiraVI.
698 297 771 372 149

57 394 174 452 Rumor,
191 406 219 445 ut
234 393 268 444 est
286 397 377 453 velox,
397 394 492 462 agitatis
506 395 621 459 pervolat
635 395 698 455 aliu

99 466 186 533 Estque
203 467 337 533 frequens,
354 468 419 526 ino,
437 482 528 517 nomen
544 467 569 517 in
584 484 629 519 ore
644 481 721 521 tuum.

59 538 164 604 Hospita
183 539 319 593 Carmentis
336 539 398 591 fidos
415 540 511 591 intrrffe
529 553 630 606 penates

98 613 215 671 Diceris,
236 614 261 663 &
277 616 373 681 longam
390 614 522 679 deposuiise
538 615 634 665 famem.
782 629 834 681 530

58 684 137 745 Liba,
153 686 194 735 sui
209 700 337 753 properata
354 702 439 745 manu,
454 688 563 755 Tegeaea
578 688 691 740 sacerdos

97 758 214 809 Traditur
230 760 253 809 in
272 760 350 811 subito
367 761 435 811 coria
452 760 541 810 dediffe
554 761 623 813 foco.

58 832 134 885 Nunc
149 847 245 899 quoque
259 834 307 883 liba
322 832 407 899 juvant
424 834 487 886 festis
504 834 648 887 Matralibus
661 836 736 889 illam.

97 904 192 955 Rustica
210 906 321 957 sedulitas
339 907 431 973 gratior
446 919 499 957 arte
514 907 570 957 fuit.

56 980 152 1037 Nunc,
167 980 200 1029 ait
212 1011 221 1038 ,
235 997 251 1031 o
267 979 273 1027 !
289 992 377 1039 vates,
396 980 520 1031 venientia
536 981 586 1031 iata
602 981 715 1049 resigna,
780 996 831 1047 535

98 1051 154 1115 Qui
166 1053 225 1103 licet
238 1068 246 1105 r
259 1054 368 1119 hospitiis
385 1054 451 1113 hoc,
468 1070 575 1119 precor,
593 1054 654 1103 adde
670 1055 740 1105 meis.

57 1124 136 1174 Parva
152 1142 218 1177 mora
235 1125 268 1177 est
284 1142 290 1177 :
307 1128 397 1177 coelum
411 1140 479 1177 vetes
493 1144 522 1180 ac
538 1127 635 1177 numina
651 1126 742 1186 sentit,

96 1198 183 1263 Fitque
199 1199 234 1249 sui
250 1212 306 1250 roto
323 1200 421 1265 peiiore
437 1202 510 1265 plena
525 1200 585 1251 Dei.

55 1271 111 1321 Vix
125 1272 189 1321 illam
205 1270 282 1323 subiti)
294 1273 372 1338 poffes
387 1274 557 1341 cognoscere3
573 1286 643 1325 tanto

95 1346 223 1405 Saniiior,
239 1346 265 1397 δι
279 1358 348 1397 tanto
362 1380 370 1405 ,
390 1352 460 1413 quim
475 1346 565 1405 modo,
585 1346 662 1413 major
677 1360 739 1399 erat.
780 1363 833 1411 540

55 1418 126 1467 Laeta
143 1436 225 1470 canam
237 1435 244 1470 ι
258 1418 366 1479 Gaude,
384 1420 494 1471 defuneta
510 1421 651 1479 laboribus,
670 1422 734 1481 ino,

95 1490 185 1551 Dixit;
203 1494 229 1543 ἃ
246 1494 302 1543 huic
319 1495 411 1561 populo
428 1495 529 1545 dextera
546 1495 640 1561 semper
655 1495 722 1545 ades.

54 1566 155 1615 Numen
168 1567 216 1617 eris
231 1567 311 1633 pelagi
328 1584 335 1619 a
351 1579 432 1617 natum
450 1582 548 1633 quoque
563 1580 654 1633 pontus
668 1568 775 1619 habebit.

95 1639 123 1686 ln
138 1638 222 1688 restris
237 1640 302 1688 aliud
320 1639 402 1689 sumite
421 1641 510 1689 ri'omen
526 1641 604 1706 aquis.

52 1711 201 1761 Leucothei
220 1710 320 1776 Grajis,
340 1712 434 1761 Matuta
449 1713 571 1774 vocabere
587 1711 681 1763 nostris.
780 1729 830 1778 545

95 1785 123 1833 in
140 1796 225 1849 portur
242 1796 299 1834 nato
316 1783 354 1849 jus
371 1785 416 1835 erit
434 1802 505 1835 omne
521 1797 577 1835 tuo.

53 1858 140 1923 Quem
155 1875 201 1910 nos
217 1856 367 1916 Portunum,
383 1859 422 1910 sur
439 1860 520 1928 lingua
534 1859 670 1910 Palemona
683 1860 760 1914 dicet.

93 1931 151 1989 lte,
168 1947 276 1997 precor,
297 1931 381 1982 nostris
397 1930 478 1998 aequus
496 1945 599 1999 uterque
614 1934 686 1984 iocis.

54 2005 200 2056 Annuerant
214 2021 221 2056 r
235 2004 343 2070 promissa
359 2004 418 2056 fides
433 2005 555 2072 :posuere
571 2008 675 2058 laborer.

93 2080 196 2128 Nomina
212 2090 333 2142 mutarunt
348 2094 357 2128 .·
372 2077 412 2130 hic
429 2079 500 2130 Deus
512 2081 579 2139 ,tna
594 2081 650 2130 Dea
668 2081 712 2132 eii.
779 2096 831 2144 550

56 2150 111 2200 Cur
126 2165 195 2204 verer
211 2153 308 2202 ancillas
325 2151 466 2204 accedere?
484 2154 591 2218 queritis
602 2168 611 2202 r
622 2154 685 2204 odit.
784 2185 787 2190 ·

92 2224 285 2290 principiumque
304 2226 370 2285 odii,
389 2227 409 2275 si
423 2224 487 2276 ‘sinat
502 2226 567 2291 ipsa,
584 2242 678 2276 carram.
701 2249 706 2258 ·

54 2298 111 2348 Una
128 2299 286 2349 ministrarum
302 2298 370 2350 solita
388 2297 443 2356 eii,
464 2298 588 2356 Cadmei,
605 2312 699 2348 tuarum

92 2373 162 2436 Saepe
178 2372 220 2420 sub
234 2373 358 2436 amplexus
374 2371 483 2439 conjugis
498 2371 534 2422 ire
548 2372 594 2422 tui.

53 2446 180 2509 improbus
197 2444 259 2492 hanc
276 2445 389 2495 Athamas
405 2444 486 2496 furtim
503 2445 590 2496 dilexit
605 2461 613 2495 ε
629 2446 660 2496 ab
674 2446 716 2498 illa
777 2459 827 2510 555

92 2516 220 2580 Comperit
236 2517 347 2583 agricoiis
366 2517 453 2567 semina
469 2517 531 2566 tosta
547 2518 610 2570 dari.

52 2589 107 2654 Ipsa
122 2588 219 2653 quidem
237 2589 316 2640 fecisse
332 2602 424 2656 negat,
445 2589 486 2640 sed
501 2591 563 2641 fama
580 2591 684 2659 recepit.

92 2660 149 2710 Hoc
167 2659 201 2710 est
218 2677 261 2712 cur
277 2661 334 2714 odio
348 2662 379 2712 sit
392 2662 435 2712 tibi
450 2663 517 2714 serra
532 2679 626 2716 manus.

51 2736 112 2784 Non
125 2747 208 2784 tamen
223 2735 284 2784 hanc
301 2751 345 2800 pro
362 2733 431 2800 stirpe
446 2735 485 2796 suia
499 2737 538 2803 pia
552 2753 629 2791 mater
643 2739 739 2790 adoret.

90 2807 142 2872 ipsa
156 2825 240 2872 perum
257 2808 315 2859 felix
331 2807 380 2858 visa
395 2808 460 2860 fusse
476 2827 572 2876 parens.
777 2809 828 2875 560

52 2880 161 2931 Alterius
177 2882 271 2946 prolem
286 2882 371 2933 melius
388 2883 530 2935 mandabitis
545 2883 592 2936 ilii.

91 2954 182 3010 Utilior
197 2953 315 3017 baccho,
335 2958 404 3023 quim
417 2957 464 3010 fuit
477 2958 527 3026 ipsa
543 2957 600 3012 suis.

653 3008 729 3098 crrj'
