<?xml version="1.0" encoding="UTF-8"?>
<!DOCTYPE html PUBLIC "-//W3C//DTD XHTML 1.0 Transitional//EN"
    "http://www.w3.org/TR/xhtml1/DTD/xhtml1-transitional.dtd">
<html xmlns="http://www.w3.org/1999/xhtml" xml:lang="en" lang="en">
 <head>
  <title>
</title>
<meta http-equiv="Content-Type" content="text/html;charset=utf-8" />
  <meta name='ocr-system' content='tesseract 3.04.00' />
  <meta name='ocr-capabilities' content='ocr_page ocr_carea ocr_par ocr_line ocrx_word'/>
</head>
<body>
  <div class='ocr_page' id='page_1' title='image "./povidiinasoniso00unkngoog_0287.png"; bbox 0 0 1975 3700; ppageno 0'>
   <div class='ocr_carea' id='block_1_1' title="bbox 205 209 850 300">
    <p class='ocr_par' dir='ltr' id='par_1_1' title="bbox 205 209 850 300">
     <span class='ocr_line' id='line_1_1' title="bbox 205 209 850 300; baseline 0 -19"><span class='ocrx_word' id='word_1_1' title='bbox 205 229 282 300; x_wconf 89' lang='lat'>290</span> <span class='ocrx_word' id='word_1_2' title='bbox 330 210 373 280; x_wconf 88' lang='lat' dir='ltr'>P.</span> <span class='ocrx_word' id='word_1_3' title='bbox 402 209 596 279; x_wconf 69' lang='lat' dir='ltr'>orum</span> <span class='ocrx_word' id='word_1_4' title='bbox 623 211 850 281; x_wconf 63' lang='lat' dir='ltr'>Nasonis</span> 
     </span>
    </p>
   </div>
   <div class='ocr_carea' id='block_1_2' title="bbox 204 315 972 545">
    <p class='ocr_par' dir='ltr' id='par_1_2' title="bbox 204 315 972 545">
     <span class='ocr_line' id='line_1_2' title="bbox 204 315 972 395; baseline 0.007 -15"><span class='ocrx_word' id='word_1_5' title='bbox 204 331 278 381; x_wconf 88' lang='lat' dir='ltr'>Nulla</span> <span class='ocrx_word' id='word_1_6' title='bbox 294 341 375 380; x_wconf 87' lang='lat' dir='ltr'>tamen</span> <span class='ocrx_word' id='word_1_7' title='bbox 391 331 493 382; x_wconf 91' lang='lat' dir='ltr'>subeunt</span> <span class='ocrx_word' id='word_1_8' title='bbox 508 329 567 380; x_wconf 90' lang='lat' dir='ltr'>mihi</span> <span class='ocrx_word' id='word_1_9' title='bbox 580 342 691 395; x_wconf 87' lang='lat' dir='ltr'>tempora</span> <span class='ocrx_word' id='word_1_10' title='bbox 709 329 808 383; x_wconf 78' lang='lat' dir='ltr'>denaids</span> <span class='ocrx_word' id='word_1_11' title='bbox 821 315 887 395; x_wconf 79' lang='lat' dir='ltr'>illis,</span> <span class='ocrx_word' id='word_1_12' title='bbox 971 350 972 357; x_wconf 56' lang='lat'>¹</span> 
     </span>
     <span class='ocr_line' id='line_1_3' title="bbox 242 401 751 467; baseline -0.002 -13"><span class='ocrx_word' id='word_1_13' title='bbox 242 403 305 467; x_wconf 69' lang='lat' dir='ltr'>Qua</span> <span class='ocrx_word' id='word_1_14' title='bbox 319 405 409 454; x_wconf 86' lang='lat' dir='ltr'>vellem</span> <span class='ocrx_word' id='word_1_15' title='bbox 424 405 480 454; x_wconf 86' lang='lat' dir='ltr'>vitae</span> <span class='ocrx_word' id='word_1_16' title='bbox 496 404 584 453; x_wconf 86' lang='lat' dir='ltr'>summa</span> <span class='ocrx_word' id='word_1_17' title='bbox 597 401 665 452; x_wconf 83' lang='lat' dir='ltr'>suiffe</span> <span class='ocrx_word' id='word_1_18' title='bbox 682 419 751 453; x_wconf 80' lang='lat' dir='ltr'>meae.</span> 
     </span>
     <span class='ocr_line' id='line_1_4' title="bbox 204 474 811 545; baseline 0.003 -19"><span class='ocrx_word' id='word_1_19' title='bbox 204 474 267 531; x_wconf 75' lang='lat' dir='ltr'>cum</span> <span class='ocrx_word' id='word_1_20' title='bbox 283 478 368 528; x_wconf 86' lang='lat' dir='ltr'>domus</span> <span class='ocrx_word' id='word_1_21' title='bbox 384 478 477 545; x_wconf 87' lang='lat' dir='ltr'>ingenti</span> <span class='ocrx_word' id='word_1_22' title='bbox 495 475 573 528; x_wconf 80' lang='lat' dir='ltr'>subito</span> <span class='ocrx_word' id='word_1_23' title='bbox 588 493 642 526; x_wconf 83' lang='lat' dir='ltr'>mea</span> <span class='ocrx_word' id='word_1_24' title='bbox 658 474 723 542; x_wconf 88' lang='lat' dir='ltr'>lapsa</span> <span class='ocrx_word' id='word_1_25' title='bbox 739 477 811 538; x_wconf 49' lang='lat' dir='ltr'>ruini,</span> 
     </span>
    </p>
   </div>
   <div class='ocr_carea' id='block_1_3' title="bbox 137 549 910 2965">
    <p class='ocr_par' dir='ltr' id='par_1_3' title="bbox 137 549 910 2965">
     <span class='ocr_line' id='line_1_5' title="bbox 241 549 819 618; baseline 0.002 -17"><span class='ocrx_word' id='word_1_26' title='bbox 241 551 374 609; x_wconf 82' lang='lat' dir='ltr'>Concidit,</span> <span class='ocrx_word' id='word_1_27' title='bbox 393 552 418 600; x_wconf 94' lang='lat' dir='ltr'>in</span> <span class='ocrx_word' id='word_1_28' title='bbox 435 551 525 600; x_wconf 92' lang='lat' dir='ltr'>domini</span> <span class='ocrx_word' id='word_1_29' title='bbox 539 549 717 617; x_wconf 85' lang='lat' dir='ltr'>procubuitque</span> <span class='ocrx_word' id='word_1_30' title='bbox 735 565 819 618; x_wconf 84' lang='lat' dir='ltr'>caput.</span> 
     </span>
     <span class='ocr_line' id='line_1_6' title="bbox 162 621 869 692; baseline 0.003 -18"><span class='ocrx_word' id='word_1_31' title='bbox 162 640 191 690; x_wconf 88' lang='lat'>15</span> <span class='ocrx_word' id='word_1_32' title='bbox 205 621 292 680; x_wconf 79' lang='lat' dir='ltr'>Adfuit</span> <span class='ocrx_word' id='word_1_33' title='bbox 305 625 348 674; x_wconf 90' lang='lat' dir='ltr'>ille</span> <span class='ocrx_word' id='word_1_34' title='bbox 364 623 442 682; x_wconf 88' lang='lat' dir='ltr'>mihi,</span> <span class='ocrx_word' id='word_1_35' title='bbox 459 623 514 674; x_wconf 76' lang='lat' dir='ltr'>clim</span> <span class='ocrx_word' id='word_1_36' title='bbox 527 640 582 690; x_wconf 82' lang='lat' dir='ltr'>pars</span> <span class='ocrx_word' id='word_1_37' title='bbox 599 639 638 672; x_wconf 91' lang='lat' dir='ltr'>me</span> <span class='ocrx_word' id='word_1_38' title='bbox 652 639 738 690; x_wconf 90' lang='lat' dir='ltr'>magna</span> <span class='ocrx_word' id='word_1_39' title='bbox 750 625 869 692; x_wconf 87' lang='lat' dir='ltr'>reliquit,</span> 
     </span>
     <span class='ocr_line' id='line_1_7' title="bbox 238 694 795 762; baseline 0.005 -16"><span class='ocrx_word' id='word_1_40' title='bbox 238 697 365 756; x_wconf 76' lang='lat' dir='ltr'>Maxime3</span> <span class='ocrx_word' id='word_1_41' title='bbox 385 699 498 750; x_wconf 79' lang='lat' dir='ltr'>Fortunae</span> <span class='ocrx_word' id='word_1_42' title='bbox 513 694 559 747; x_wconf 82' lang='lat' dir='ltr'>nec</span> <span class='ocrx_word' id='word_1_43' title='bbox 574 696 620 747; x_wconf 84' lang='lat' dir='ltr'>suit</span> <span class='ocrx_word' id='word_1_44' title='bbox 634 695 685 762; x_wconf 89' lang='lat' dir='ltr'>ipse</span> <span class='ocrx_word' id='word_1_45' title='bbox 701 713 795 749; x_wconf 82' lang='lat' dir='ltr'>comes.</span> 
     </span>
     <span class='ocr_line' id='line_1_8' title="bbox 202 769 859 838; baseline 0.003 -18"><span class='ocrx_word' id='word_1_46' title='bbox 202 770 272 822; x_wconf 89' lang='lat' dir='ltr'>Illum</span> <span class='ocrx_word' id='word_1_47' title='bbox 288 787 336 838; x_wconf 89' lang='lat' dir='ltr'>ego</span> <span class='ocrx_word' id='word_1_48' title='bbox 352 787 402 820; x_wconf 91' lang='lat' dir='ltr'>non</span> <span class='ocrx_word' id='word_1_49' title='bbox 418 773 489 821; x_wconf 82' lang='lat' dir='ltr'>aliter</span> <span class='ocrx_word' id='word_1_50' title='bbox 505 770 604 820; x_wconf 80' lang='lat' dir='ltr'>flentem</span> <span class='ocrx_word' id='word_1_51' title='bbox 618 785 673 819; x_wconf 88' lang='lat' dir='ltr'>mea</span> <span class='ocrx_word' id='word_1_52' title='bbox 689 769 773 820; x_wconf 81' lang='lat' dir='ltr'>funera</span> <span class='ocrx_word' id='word_1_53' title='bbox 788 771 859 832; x_wconf 89' lang='lat' dir='ltr'>vidi,</span> 
     </span>
     <span class='ocr_line' id='line_1_9' title="bbox 238 842 785 909; baseline 0 -15"><span class='ocrx_word' id='word_1_54' title='bbox 238 843 368 894; x_wconf 85' lang='lat' dir='ltr'>Ponendus</span> <span class='ocrx_word' id='word_1_55' title='bbox 385 847 455 909; x_wconf 78' lang='lat' dir='ltr'>qulm</span> <span class='ocrx_word' id='word_1_56' title='bbox 469 844 489 896; x_wconf 85' lang='lat' dir='ltr'>si</span> <span class='ocrx_word' id='word_1_57' title='bbox 507 844 582 894; x_wconf 84' lang='lat' dir='ltr'>frater</span> <span class='ocrx_word' id='word_1_58' title='bbox 596 844 621 893; x_wconf 90' lang='lat' dir='ltr'>in</span> <span class='ocrx_word' id='word_1_59' title='bbox 636 842 692 909; x_wconf 84' lang='lat' dir='ltr'>igne</span> <span class='ocrx_word' id='word_1_60' title='bbox 709 843 785 894; x_wconf 81' lang='lat' dir='ltr'>foret.</span> 
     </span>
     <span class='ocr_line' id='line_1_10' title="bbox 201 915 877 982; baseline 0.006 -16"><span class='ocrx_word' id='word_1_61' title='bbox 201 915 279 967; x_wconf 84' lang='lat' dir='ltr'>Haesit</span> <span class='ocrx_word' id='word_1_62' title='bbox 295 916 320 966; x_wconf 93' lang='lat' dir='ltr'>in</span> <span class='ocrx_word' id='word_1_63' title='bbox 336 919 466 982; x_wconf 82' lang='lat' dir='ltr'>amplexu,</span> <span class='ocrx_word' id='word_1_64' title='bbox 486 916 672 982; x_wconf 63' lang='lat' dir='ltr'>consolatusque</span> <span class='ocrx_word' id='word_1_65' title='bbox 687 915 809 980; x_wconf 82' lang='lat' dir='ltr'>jacentem</span> <span class='ocrx_word' id='word_1_66' title='bbox 824 918 877 971; x_wconf 71' lang='lat' dir='ltr'>este</span> 
     </span>
     <span class='ocr_line' id='line_1_11' title="bbox 157 989 828 1058; baseline -0.003 -16"><span class='ocrx_word' id='word_1_67' title='bbox 157 1007 191 1043; x_wconf 87' lang='lat'>20</span> <span class='ocrx_word' id='word_1_68' title='bbox 240 989 350 1058; x_wconf 87' lang='lat' dir='ltr'>Cumque</span> <span class='ocrx_word' id='word_1_69' title='bbox 364 991 424 1040; x_wconf 85' lang='lat' dir='ltr'>meis</span> <span class='ocrx_word' id='word_1_70' title='bbox 438 991 550 1058; x_wconf 83' lang='lat' dir='ltr'>lacrymis</span> <span class='ocrx_word' id='word_1_71' title='bbox 564 989 656 1039; x_wconf 84' lang='lat' dir='ltr'>miscuit</span> <span class='ocrx_word' id='word_1_72' title='bbox 672 1002 748 1055; x_wconf 83' lang='lat' dir='ltr'>usque</span> <span class='ocrx_word' id='word_1_73' title='bbox 764 990 828 1041; x_wconf 86' lang='lat' dir='ltr'>suas.</span> 
     </span>
     <span class='ocr_line' id='line_1_12' title="bbox 201 1061 762 1131; baseline -0.004 -17"><span class='ocrx_word' id='word_1_74' title='bbox 201 1063 227 1114; x_wconf 95' lang='lat' dir='ltr'>O</span> <span class='ocrx_word' id='word_1_75' title='bbox 242 1061 247 1111; x_wconf 93' lang='lat'><strong>!</strong></span> <span class='ocrx_word' id='word_1_76' title='bbox 263 1064 375 1131; x_wconf 88' lang='lat' dir='ltr'>quoties,</span> <span class='ocrx_word' id='word_1_77' title='bbox 392 1063 447 1114; x_wconf 85' lang='lat' dir='ltr'>virae</span> <span class='ocrx_word' id='word_1_78' title='bbox 464 1063 542 1114; x_wconf 79' lang='lat' dir='ltr'>custos</span> <span class='ocrx_word' id='word_1_79' title='bbox 557 1062 645 1112; x_wconf 84' lang='lat' dir='ltr'>invisus</span> <span class='ocrx_word' id='word_1_80' title='bbox 660 1079 762 1122; x_wconf 86' lang='lat' dir='ltr'>amarae,</span> 
     </span>
     <span class='ocr_line' id='line_1_13' title="bbox 239 1135 783 1202; baseline -0.004 -14"><span class='ocrx_word' id='word_1_81' title='bbox 239 1135 367 1188; x_wconf 89' lang='lat' dir='ltr'>Continuir</span> <span class='ocrx_word' id='word_1_82' title='bbox 382 1149 487 1202; x_wconf 88' lang='lat' dir='ltr'>promras</span> <span class='ocrx_word' id='word_1_83' title='bbox 502 1137 527 1186; x_wconf 90' lang='lat' dir='ltr'>in</span> <span class='ocrx_word' id='word_1_84' title='bbox 541 1153 596 1186; x_wconf 91' lang='lat' dir='ltr'>mea</span> <span class='ocrx_word' id='word_1_85' title='bbox 612 1136 661 1187; x_wconf 85' lang='lat' dir='ltr'>fata</span> <span class='ocrx_word' id='word_1_86' title='bbox 675 1152 759 1186; x_wconf 87' lang='lat' dir='ltr'>manus</span> <span class='ocrx_word' id='word_1_87' title='bbox 775 1136 783 1186; x_wconf 75' lang='grc' dir='ltr'><strong>Ξ</strong></span> 
     </span>
     <span class='ocr_line' id='line_1_14' title="bbox 201 1207 838 1277; baseline -0.002 -15"><span class='ocrx_word' id='word_1_88' title='bbox 201 1209 227 1262; x_wconf 91' lang='lat'>0</span> <span class='ocrx_word' id='word_1_89' title='bbox 241 1207 247 1260; x_wconf 80' lang='lat' dir='ltr'>i</span> <span class='ocrx_word' id='word_1_90' title='bbox 262 1211 358 1277; x_wconf 80' lang='lat' dir='ltr'>quoties</span> <span class='ocrx_word' id='word_1_91' title='bbox 375 1210 455 1268; x_wconf 83' lang='lat' dir='ltr'><strong>dixit,</strong></span> <span class='ocrx_word' id='word_1_92' title='bbox 474 1209 601 1263; x_wconf 83' lang='lat' dir='ltr'>Placabilis</span> <span class='ocrx_word' id='word_1_93' title='bbox 616 1209 650 1259; x_wconf 87' lang='lat' dir='ltr'>ira</span> <span class='ocrx_word' id='word_1_94' title='bbox 666 1209 779 1259; x_wconf 82' lang='lat' dir='ltr'>Deorum</span> <span class='ocrx_word' id='word_1_95' title='bbox 794 1210 838 1261; x_wconf 81' lang='lat' dir='ltr'>est.</span> 
     </span>
     <span class='ocr_line' id='line_1_15' title="bbox 137 1281 765 1350; baseline -0.006 -16"><span class='ocrx_word' id='word_1_96' title='bbox 137 1307 142 1313; x_wconf 88' lang='lat'>·</span> <span class='ocrx_word' id='word_1_97' title='bbox 236 1283 322 1342; x_wconf 86' lang='lat' dir='ltr'>Vive,</span> <span class='ocrx_word' id='word_1_98' title='bbox 339 1299 385 1332; x_wconf 88' lang='lat' dir='ltr'>nec</span> <span class='ocrx_word' id='word_1_99' title='bbox 401 1283 493 1350; x_wconf 83' lang='lat' dir='ltr'>ignosci</span> <span class='ocrx_word' id='word_1_100' title='bbox 511 1282 597 1333; x_wconf 82' lang='lat' dir='ltr'>turibi</span> <span class='ocrx_word' id='word_1_101' title='bbox 613 1281 678 1348; x_wconf 86' lang='lat' dir='ltr'>posse</span> <span class='ocrx_word' id='word_1_102' title='bbox 693 1299 765 1349; x_wconf 86' lang='lat' dir='ltr'>nega.</span> 
     </span>
     <span class='ocr_line' id='line_1_16' title="bbox 156 1355 890 1423; baseline 0 -17"><span class='ocrx_word' id='word_1_103' title='bbox 156 1372 170 1406; x_wconf 90' lang='lat'>2</span> <span class='ocrx_word' id='word_1_104' title='bbox 175 1371 187 1421; x_wconf 94' lang='lat'><em>5</em></span> <span class='ocrx_word' id='word_1_105' title='bbox 201 1357 260 1412; x_wconf 86' lang='lat' dir='ltr'>Vox</span> <span class='ocrx_word' id='word_1_106' title='bbox 270 1369 350 1406; x_wconf 85' lang='lat' dir='ltr'>tamen</span> <span class='ocrx_word' id='word_1_107' title='bbox 360 1356 400 1405; x_wconf 88' lang='lat' dir='ltr'>illa</span> <span class='ocrx_word' id='word_1_108' title='bbox 410 1356 456 1420; x_wconf 85' lang='lat' dir='ltr'>fuit</span> <span class='ocrx_word' id='word_1_109' title='bbox 466 1355 624 1413; x_wconf 81' lang='lat' dir='ltr'>celeberrima</span> <span class='ocrx_word' id='word_1_110' title='bbox 635 1389 643 1413; x_wconf 98' lang='lat'>,</span> <span class='ocrx_word' id='word_1_111' title='bbox 659 1355 764 1421; x_wconf 86' lang='lat' dir='ltr'>Respice</span> <span class='ocrx_word' id='word_1_112' title='bbox 773 1368 890 1423; x_wconf 87' lang='lat' dir='ltr'>quantum</span> 
     </span>
     <span class='ocr_line' id='line_1_17' title="bbox 166 1427 883 1496; baseline 0.001 -19"><span class='ocrx_word' id='word_1_113' title='bbox 166 1451 168 1458; x_wconf 59' lang='lat'><strong><em>¹</em></strong></span> <span class='ocrx_word' id='word_1_114' title='bbox 235 1429 334 1484; x_wconf 82' lang='lat' dir='ltr'>Debeat</span> <span class='ocrx_word' id='word_1_115' title='bbox 350 1429 431 1479; x_wconf 85' lang='lat' dir='ltr'>auxilii</span> <span class='ocrx_word' id='word_1_116' title='bbox 444 1429 566 1485; x_wconf 79' lang='lat' dir='ltr'>Maximus</span> <span class='ocrx_word' id='word_1_117' title='bbox 583 1427 630 1478; x_wconf 86' lang='lat' dir='ltr'>else</span> <span class='ocrx_word' id='word_1_118' title='bbox 647 1429 701 1478; x_wconf 85' lang='lat' dir='ltr'>tibi.</span> <span class='ocrx_word' id='word_1_119' title='bbox 879 1487 883 1496; x_wconf 34' lang='grc' dir='ltr'>Ι</span> 
     </span>
     <span class='ocr_line' id='line_1_18' title="bbox 198 1500 894 1571; baseline -0.001 -17"><span class='ocrx_word' id='word_1_120' title='bbox 198 1502 319 1554; x_wconf 80' lang='lat' dir='ltr'>Maximus</span> <span class='ocrx_word' id='word_1_121' title='bbox 334 1503 477 1560; x_wconf 64' lang='lat' dir='ltr'>incumbam</span> <span class='ocrx_word' id='word_1_122' title='bbox 494 1501 589 1568; x_wconf 72' lang='lat' dir='ltr'>quique</span> <span class='ocrx_word' id='word_1_123' title='bbox 603 1500 638 1551; x_wconf 85' lang='lat' dir='ltr'>est</span> <span class='ocrx_word' id='word_1_124' title='bbox 650 1502 760 1567; x_wconf 84' lang='lat' dir='ltr'>pietate,</span> <span class='ocrx_word' id='word_1_125' title='bbox 775 1505 894 1571; x_wconf 87' lang='lat' dir='ltr'>rogabit,</span> 
     </span>
     <span class='ocr_line' id='line_1_19' title="bbox 235 1575 782 1633; baseline 0.005 -9"><span class='ocrx_word' id='word_1_126' title='bbox 235 1576 274 1625; x_wconf 89' lang='lat' dir='ltr'>Ne</span> <span class='ocrx_word' id='word_1_127' title='bbox 290 1577 321 1626; x_wconf 83' lang='lat' dir='ltr'>sit</span> <span class='ocrx_word' id='word_1_128' title='bbox 336 1576 367 1625; x_wconf 88' lang='lat' dir='ltr'>ad</span> <span class='ocrx_word' id='word_1_129' title='bbox 381 1588 517 1626; x_wconf 82' lang='lat' dir='ltr'>extremum</span> <span class='ocrx_word' id='word_1_130' title='bbox 533 1575 634 1626; x_wconf 73' lang='lat' dir='ltr'>Caesaris</span> <span class='ocrx_word' id='word_1_131' title='bbox 650 1575 684 1624; x_wconf 83' lang='lat' dir='ltr'>ira</span> <span class='ocrx_word' id='word_1_132' title='bbox 698 1588 782 1633; x_wconf 70' lang='lat' dir='ltr'>tenax.</span> 
     </span>
     <span class='ocr_line' id='line_1_20' title="bbox 197 1648 892 1714; baseline 0 -14"><span class='ocrx_word' id='word_1_133' title='bbox 197 1649 308 1714; x_wconf 81' lang='lat' dir='ltr'>Cumque</span> <span class='ocrx_word' id='word_1_134' title='bbox 326 1649 373 1700; x_wconf 81' lang='lat' dir='ltr'>suis</span> <span class='ocrx_word' id='word_1_135' title='bbox 389 1649 469 1699; x_wconf 80' lang='lat' dir='ltr'>fratris</span> <span class='ocrx_word' id='word_1_136' title='bbox 486 1649 552 1700; x_wconf 87' lang='lat' dir='ltr'>vires</span> <span class='ocrx_word' id='word_1_137' title='bbox 566 1648 708 1707; x_wconf 86' lang='lat' dir='ltr'>adhibebit,</span> <span class='ocrx_word' id='word_1_138' title='bbox 730 1649 756 1698; x_wconf 70' lang='grc' dir='ltr'><strong>ἃ</strong></span> <span class='ocrx_word' id='word_1_139' title='bbox 772 1665 892 1710; x_wconf 87' lang='lat' dir='ltr'>omnem,</span> 
     </span>
     <span class='ocr_line' id='line_1_21' title="bbox 155 1720 768 1790; baseline -0.005 -17"><span class='ocrx_word' id='word_1_140' title='bbox 155 1737 188 1790; x_wconf 80' lang='lat'>30</span> <span class='ocrx_word' id='word_1_141' title='bbox 238 1720 297 1785; x_wconf 69' lang='lat' dir='ltr'>Quo</span> <span class='ocrx_word' id='word_1_142' title='bbox 314 1720 392 1774; x_wconf 73' lang='lat' dir='ltr'>levius</span> <span class='ocrx_word' id='word_1_143' title='bbox 409 1723 512 1781; x_wconf 85' lang='lat' dir='ltr'>doleas,</span> <span class='ocrx_word' id='word_1_144' title='bbox 530 1722 670 1787; x_wconf 81' lang='lat' dir='ltr'>experietur</span> <span class='ocrx_word' id='word_1_145' title='bbox 686 1737 768 1786; x_wconf 88' lang='lat' dir='ltr'>opem.</span> 
     </span>
     <span class='ocr_line' id='line_1_22' title="bbox 198 1791 835 1846; baseline 0 0"><span class='ocrx_word' id='word_1_146' title='bbox 198 1795 260 1846; x_wconf 84' lang='lat' dir='ltr'>Haec</span> <span class='ocrx_word' id='word_1_147' title='bbox 275 1796 332 1845; x_wconf 90' lang='lat' dir='ltr'>mihi</span> <span class='ocrx_word' id='word_1_148' title='bbox 346 1797 421 1846; x_wconf 83' lang='lat' dir='ltr'>verba</span> <span class='ocrx_word' id='word_1_149' title='bbox 438 1791 506 1846; x_wconf 77' lang='lat' dir='ltr'>malae</span> <span class='ocrx_word' id='word_1_150' title='bbox 519 1795 658 1845; x_wconf 87' lang='lat' dir='ltr'>minuerunt</span> <span class='ocrx_word' id='word_1_151' title='bbox 671 1795 743 1845; x_wconf 83' lang='lat' dir='ltr'>taedia</span> <span class='ocrx_word' id='word_1_152' title='bbox 755 1795 835 1846; x_wconf 72' lang='lat' dir='ltr'>vitae:</span> 
     </span>
     <span class='ocr_line' id='line_1_23' title="bbox 235 1868 874 1933; baseline 0.005 -15"><span class='ocrx_word' id='word_1_153' title='bbox 235 1868 297 1933; x_wconf 83' lang='lat' dir='ltr'>Quae</span> <span class='ocrx_word' id='word_1_154' title='bbox 314 1880 360 1928; x_wconf 87' lang='lat' dir='ltr'>tu,</span> <span class='ocrx_word' id='word_1_155' title='bbox 378 1885 409 1919; x_wconf 89' lang='lat' dir='ltr'>ne</span> <span class='ocrx_word' id='word_1_156' title='bbox 427 1869 533 1929; x_wconf 83' lang='lat' dir='ltr'>fuerint,</span> <span class='ocrx_word' id='word_1_157' title='bbox 555 1869 663 1919; x_wconf 81' lang='lat' dir='ltr'>Maxime</span> <span class='ocrx_word' id='word_1_158' title='bbox 676 1886 780 1927; x_wconf 74' lang='lat' dir='ltr'>,·vana‚</span> <span class='ocrx_word' id='word_1_159' title='bbox 801 1888 874 1921; x_wconf 84' lang='lat' dir='ltr'>cave.</span> 
     </span>
     <span class='ocr_line' id='line_1_24' title="bbox 192 1941 871 2013; baseline 0.006 -22"><span class='ocrx_word' id='word_1_160' title='bbox 192 1941 254 2009; x_wconf 29' lang='lat' dir='ltr'>&#39;Huc</span> <span class='ocrx_word' id='word_1_161' title='bbox 270 1959 386 2013; x_wconf 86' lang='lat' dir='ltr'>quoque,</span> <span class='ocrx_word' id='word_1_162' title='bbox 404 1954 533 1993; x_wconf 89' lang='lat' dir='ltr'>venturum</span> <span class='ocrx_word' id='word_1_163' title='bbox 546 1943 605 1991; x_wconf 87' lang='lat' dir='ltr'>mihi</span> <span class='ocrx_word' id='word_1_164' title='bbox 621 1943 645 1991; x_wconf 90' lang='lat' dir='ltr'>se</span> <span class='ocrx_word' id='word_1_165' title='bbox 660 1941 740 2009; x_wconf 86' lang='lat' dir='ltr'>jurare</span> <span class='ocrx_word' id='word_1_166' title='bbox 756 1942 852 1995; x_wconf 90' lang='lat' dir='ltr'>solebat</span> <span class='ocrx_word' id='word_1_167' title='bbox 861 1964 871 2003; x_wconf 89' lang='lat'>;</span> 
     </span>
     <span class='ocr_line' id='line_1_25' title="bbox 233 2014 761 2083; baseline 0.004 -20"><span class='ocrx_word' id='word_1_168' title='bbox 233 2016 291 2065; x_wconf 91' lang='lat' dir='ltr'>Non</span> <span class='ocrx_word' id='word_1_169' title='bbox 307 2015 352 2065; x_wconf 83' lang='lat' dir='ltr'>nisi</span> <span class='ocrx_word' id='word_1_170' title='bbox 367 2027 393 2065; x_wconf 91' lang='lat' dir='ltr'>te</span> <span class='ocrx_word' id='word_1_171' title='bbox 409 2016 487 2083; x_wconf 79' lang='lat' dir='ltr'>longae</span> <span class='ocrx_word' id='word_1_172' title='bbox 503 2014 541 2081; x_wconf 81' lang='lat' dir='ltr'>jus</span> <span class='ocrx_word' id='word_1_173' title='bbox 557 2016 602 2066; x_wconf 85' lang='lat' dir='ltr'>sibi</span> <span class='ocrx_word' id='word_1_174' title='bbox 619 2016 691 2065; x_wconf 86' lang='lat' dir='ltr'>dante</span> <span class='ocrx_word' id='word_1_175' title='bbox 706 2015 761 2065; x_wconf 82' lang='lat' dir='ltr'>viae.</span> 
     </span>
     <span class='ocr_line' id='line_1_26' title="bbox 154 2088 780 2155; baseline -0.002 -16"><span class='ocrx_word' id='word_1_176' title='bbox 154 2103 184 2155; x_wconf 83' lang='lat'>35</span> <span class='ocrx_word' id='word_1_177' title='bbox 198 2088 261 2139; x_wconf 91' lang='lat' dir='ltr'>Nam</span> <span class='ocrx_word' id='word_1_178' title='bbox 277 2100 319 2137; x_wconf 90' lang='lat' dir='ltr'>rua</span> <span class='ocrx_word' id='word_1_179' title='bbox 335 2104 385 2139; x_wconf 94' lang='lat' dir='ltr'>non</span> <span class='ocrx_word' id='word_1_180' title='bbox 402 2088 450 2140; x_wconf 91' lang='lat' dir='ltr'>alio</span> <span class='ocrx_word' id='word_1_181' title='bbox 469 2089 545 2139; x_wconf 87' lang='lat' dir='ltr'>coluit</span> <span class='ocrx_word' id='word_1_182' title='bbox 562 2088 695 2155; x_wconf 82' lang='lat' dir='ltr'>penetralia</span> <span class='ocrx_word' id='word_1_183' title='bbox 711 2089 780 2146; x_wconf 85' lang='lat' dir='ltr'>ritu,</span> 
     </span>
     <span class='ocr_line' id='line_1_27' title="bbox 233 2161 879 2227; baseline 0.003 -17"><span class='ocrx_word' id='word_1_184' title='bbox 233 2162 365 2213; x_wconf 80' lang='lat' dir='ltr'>Terrarum</span> <span class='ocrx_word' id='word_1_185' title='bbox 383 2162 500 2211; x_wconf 83' lang='lat' dir='ltr'>dominos.</span> <span class='ocrx_word' id='word_1_186' title='bbox 511 2165 580 2227; x_wconf 76' lang='lat' dir='ltr'>quam</span> <span class='ocrx_word' id='word_1_187' title='bbox 596 2162 656 2211; x_wconf 78' lang='lat' dir='ltr'>colis</span> <span class='ocrx_word' id='word_1_188' title='bbox 669 2161 718 2227; x_wconf 88' lang='lat' dir='ltr'>ipse</span> <span class='ocrx_word' id='word_1_189' title='bbox 735 2161 818 2212; x_wconf 81' lang='lat' dir='ltr'>Deos.</span> <span class='ocrx_word' id='word_1_190' title='bbox 864 2189 879 2220; x_wconf 52' lang='grc' dir='ltr'>γ</span> 
     </span>
     <span class='ocr_line' id='line_1_28' title="bbox 198 2233 888 2302; baseline 0.003 -18"><span class='ocrx_word' id='word_1_191' title='bbox 198 2234 279 2290; x_wconf 79' lang='lat' dir='ltr'>Crede</span> <span class='ocrx_word' id='word_1_192' title='bbox 297 2236 354 2285; x_wconf 88' lang='lat' dir='ltr'>mibi</span> <span class='ocrx_word' id='word_1_193' title='bbox 369 2237 481 2289; x_wconf 77' lang='lat' dir='ltr'>:multos</span> <span class='ocrx_word' id='word_1_194' title='bbox 494 2235 584 2285; x_wconf 80' lang='lat' dir='ltr'>habeas</span> <span class='ocrx_word' id='word_1_195' title='bbox 600 2233 657 2284; x_wconf 80' lang='lat' dir='ltr'>edm</span> <span class='ocrx_word' id='word_1_196' title='bbox 670 2236 755 2302; x_wconf 81' lang='lat' dir='ltr'>dignus</span> <span class='ocrx_word' id='word_1_197' title='bbox 771 2236 888 2295; x_wconf 84' lang='lat' dir='ltr'>amicos,</span> 
     </span>
     <span class='ocr_line' id='line_1_29' title="bbox 234 2308 771 2375; baseline 0 -18"><span class='ocrx_word' id='word_1_198' title='bbox 234 2310 292 2359; x_wconf 92' lang='lat' dir='ltr'>Non</span> <span class='ocrx_word' id='word_1_199' title='bbox 309 2309 354 2359; x_wconf 89' lang='lat' dir='ltr'>suit</span> <span class='ocrx_word' id='word_1_200' title='bbox 371 2324 385 2359; x_wconf 87' lang='lat' dir='ltr'>e</span> <span class='ocrx_word' id='word_1_201' title='bbox 402 2308 483 2359; x_wconf 82' lang='lat' dir='ltr'>multis</span> <span class='ocrx_word' id='word_1_202' title='bbox 500 2309 611 2375; x_wconf 88' lang='lat' dir='ltr'>quolibet</span> <span class='ocrx_word' id='word_1_203' title='bbox 625 2309 669 2357; x_wconf 87' lang='lat' dir='ltr'>ille</span> <span class='ocrx_word' id='word_1_204' title='bbox 684 2308 771 2359; x_wconf 85' lang='lat' dir='ltr'>minor.</span> 
     </span>
     <span class='ocr_line' id='line_1_30' title="bbox 198 2379 910 2446; baseline -0.001 -13"><span class='ocrx_word' id='word_1_205' title='bbox 198 2380 223 2433; x_wconf 91' lang='lat' dir='ltr'>Si</span> <span class='ocrx_word' id='word_1_206' title='bbox 240 2379 313 2433; x_wconf 81' lang='lat' dir='ltr'>modd</span> <span class='ocrx_word' id='word_1_207' title='bbox 327 2398 374 2433; x_wconf 88' lang='lat' dir='ltr'>nec</span> <span class='ocrx_word' id='word_1_208' title='bbox 391 2381 474 2432; x_wconf 83' lang='lat' dir='ltr'>census</span> <span class='ocrx_word' id='word_1_209' title='bbox 486 2412 499 2439; x_wconf 80' lang='lat'>,.</span> <span class='ocrx_word' id='word_1_210' title='bbox 513 2398 560 2433; x_wconf 87' lang='lat' dir='ltr'>nec</span> <span class='ocrx_word' id='word_1_211' title='bbox 576 2382 666 2446; x_wconf 80' lang='lat' dir='ltr'>clanim</span> <span class='ocrx_word' id='word_1_212' title='bbox 682 2398 773 2431; x_wconf 86' lang='lat' dir='ltr'>nomen</span> <span class='ocrx_word' id='word_1_213' title='bbox 786 2398 910 2443; x_wconf 80' lang='lat' dir='ltr'>avenam,</span> 
     </span>
     <span class='ocr_line' id='line_1_31' title="bbox 153 2454 834 2523; baseline 0.003 -18"><span class='ocrx_word' id='word_1_214' title='bbox 153 2470 187 2517; x_wconf 83' lang='lat'>40</span> <span class='ocrx_word' id='word_1_215' title='bbox 235 2454 283 2504; x_wconf 85' lang='lat' dir='ltr'>Sed</span> <span class='ocrx_word' id='word_1_216' title='bbox 300 2455 407 2521; x_wconf 86' lang='lat' dir='ltr'>probitas</span> <span class='ocrx_word' id='word_1_217' title='bbox 419 2470 541 2523; x_wconf 83' lang='lat' dir='ltr'>magnos,</span> <span class='ocrx_word' id='word_1_218' title='bbox 558 2454 746 2523; x_wconf 83' lang='lat' dir='ltr'>ingeniumque,</span> <span class='ocrx_word' id='word_1_219' title='bbox 764 2455 834 2507; x_wconf 82' lang='lat' dir='ltr'>facit.</span> 
     </span>
     <span class='ocr_line' id='line_1_32' title="bbox 196 2526 810 2595; baseline -0.003 -15"><span class='ocrx_word' id='word_1_220' title='bbox 196 2526 254 2580; x_wconf 75' lang='lat' dir='ltr'>sure</span> <span class='ocrx_word' id='word_1_221' title='bbox 271 2528 343 2595; x_wconf 86' lang='lat' dir='ltr'>igitur</span> <span class='ocrx_word' id='word_1_222' title='bbox 358 2528 475 2595; x_wconf 85' lang='lat' dir='ltr'>lacrymas</span> <span class='ocrx_word' id='word_1_223' title='bbox 490 2527 563 2580; x_wconf 88' lang='lat' dir='ltr'>Celso</span> <span class='ocrx_word' id='word_1_224' title='bbox 577 2529 676 2579; x_wconf 82' lang='lat' dir='ltr'>libamus</span> <span class='ocrx_word' id='word_1_225' title='bbox 691 2528 810 2586; x_wconf 82' lang='lat' dir='ltr'>ademto,</span> 
     </span>
     <span class='ocr_line' id='line_1_33' title="bbox 235 2598 809 2669; baseline 0 -19"><span class='ocrx_word' id='word_1_226' title='bbox 235 2598 298 2651; x_wconf 84' lang='lat' dir='ltr'>Cdm</span> <span class='ocrx_word' id='word_1_227' title='bbox 311 2601 439 2669; x_wconf 85' lang='lat' dir='ltr'>sugerem,</span> <span class='ocrx_word' id='word_1_228' title='bbox 454 2600 512 2651; x_wconf 84' lang='lat' dir='ltr'>vivo</span> <span class='ocrx_word' id='word_1_229' title='bbox 528 2602 586 2669; x_wconf 82' lang='lat' dir='ltr'>quas</span> <span class='ocrx_word' id='word_1_230' title='bbox 603 2602 671 2652; x_wconf 90' lang='lat' dir='ltr'>dedit</span> <span class='ocrx_word' id='word_1_231' title='bbox 686 2602 727 2652; x_wconf 90' lang='lat' dir='ltr'>ille</span> <span class='ocrx_word' id='word_1_232' title='bbox 742 2601 809 2651; x_wconf 88' lang='lat' dir='ltr'>mihi.</span> 
     </span>
     <span class='ocr_line' id='line_1_34' title="bbox 197 2672 797 2741; baseline 0 -17"><span class='ocrx_word' id='word_1_233' title='bbox 197 2672 309 2727; x_wconf 85' lang='lat' dir='ltr'>Carmina</span> <span class='ocrx_word' id='word_1_234' title='bbox 327 2673 477 2741; x_wconf 77' lang='lat' dir='ltr'>juredamus</span> <span class='ocrx_word' id='word_1_235' title='bbox 489 2691 557 2727; x_wconf 82' lang='lat' dir='ltr'>raros</span> <span class='ocrx_word' id='word_1_236' title='bbox 572 2674 680 2726; x_wconf 85' lang='lat' dir='ltr'>testantia</span> <span class='ocrx_word' id='word_1_237' title='bbox 696 2691 797 2733; x_wconf 83' lang='lat' dir='ltr'>mores,</span> 
     </span>
     <span class='ocr_line' id='line_1_35' title="bbox 233 2748 812 2815; baseline 0 -18"><span class='ocrx_word' id='word_1_238' title='bbox 233 2749 269 2798; x_wconf 94' lang='lat' dir='ltr'>Ut</span> <span class='ocrx_word' id='word_1_239' title='bbox 285 2761 326 2799; x_wconf 86' lang='lat' dir='ltr'>tua</span> <span class='ocrx_word' id='word_1_240' title='bbox 338 2750 434 2801; x_wconf 84' lang='lat' dir='ltr'>venturi</span> <span class='ocrx_word' id='word_1_241' title='bbox 450 2750 565 2807; x_wconf 88' lang='lat' dir='ltr'>nomina,</span> <span class='ocrx_word' id='word_1_242' title='bbox 583 2748 676 2805; x_wconf 81' lang='lat' dir='ltr'>Celso,</span> <span class='ocrx_word' id='word_1_243' title='bbox 694 2750 786 2815; x_wconf 83' lang='lat' dir='ltr'>legant.</span> <span class='ocrx_word' id='word_1_244' title='bbox 810 2759 812 2764; x_wconf 87' lang='lat'>&#39;</span> 
     </span>
     <span class='ocr_line' id='line_1_36' title="bbox 152 2818 905 2889; baseline 0.004 -18"><span class='ocrx_word' id='word_1_245' title='bbox 152 2836 184 2885; x_wconf 88' lang='lat'>45</span> <span class='ocrx_word' id='word_1_246' title='bbox 199 2820 255 2872; x_wconf 89' lang='lat' dir='ltr'>Hoc</span> <span class='ocrx_word' id='word_1_247' title='bbox 268 2822 300 2873; x_wconf 79' lang='lat' dir='ltr'>eli</span> <span class='ocrx_word' id='word_1_248' title='bbox 312 2856 319 2879; x_wconf 90' lang='lat'>,</span> <span class='ocrx_word' id='word_1_249' title='bbox 331 2822 397 2889; x_wconf 87' lang='lat' dir='ltr'>quod</span> <span class='ocrx_word' id='word_1_250' title='bbox 407 2820 497 2888; x_wconf 78' lang='lat' dir='ltr'>possum</span> <span class='ocrx_word' id='word_1_251' title='bbox 508 2821 604 2873; x_wconf 79' lang='lat' dir='ltr'>Geticis</span> <span class='ocrx_word' id='word_1_252' title='bbox 619 2821 663 2876; x_wconf 85' lang='lat' dir='ltr'>tibi</span> <span class='ocrx_word' id='word_1_253' title='bbox 672 2822 769 2871; x_wconf 85' lang='lat' dir='ltr'>mittere</span> <span class='ocrx_word' id='word_1_254' title='bbox 780 2822 810 2869; x_wconf 89' lang='lat' dir='ltr'>ab</span> <span class='ocrx_word' id='word_1_255' title='bbox 820 2818 905 2881; x_wconf 76' lang='lat' dir='ltr'>arvis:</span> 
     </span>
     <span class='ocr_line' id='line_1_37' title="bbox 140 2893 851 2965; baseline 0.001 -20"><span class='ocrx_word' id='word_1_256' title='bbox 140 2923 142 2931; x_wconf 79' lang='lat'><em>=</em></span> <span class='ocrx_word' id='word_1_257' title='bbox 233 2895 288 2945; x_wconf 84' lang='lat' dir='ltr'>Hoc</span> <span class='ocrx_word' id='word_1_258' title='bbox 304 2896 379 2949; x_wconf 86' lang='lat' dir='ltr'>solum</span> <span class='ocrx_word' id='word_1_259' title='bbox 395 2895 428 2947; x_wconf 80' lang='lat' dir='ltr'>ess</span> <span class='ocrx_word' id='word_1_260' title='bbox 441 2893 491 2949; x_wconf 82' lang='lat' dir='ltr'>islic</span> <span class='ocrx_word' id='word_1_261' title='bbox 502 2926 515 2965; x_wconf 75' lang='lat'>,¹</span> <span class='ocrx_word' id='word_1_262' title='bbox 527 2895 593 2963; x_wconf 87' lang='lat' dir='ltr'>quod</span> <span class='ocrx_word' id='word_1_263' title='bbox 606 2896 684 2963; x_wconf 84' lang='lat' dir='ltr'>liquet</span> <span class='ocrx_word' id='word_1_264' title='bbox 698 2894 745 2947; x_wconf 83' lang='lat' dir='ltr'>esse</span> <span class='ocrx_word' id='word_1_265' title='bbox 760 2910 851 2948; x_wconf 83' lang='lat' dir='ltr'>meum.</span> 
     </span>
    </p>
   </div>
   <div class='ocr_carea' id='block_1_4' title="bbox 0 0 992 3700">
    <p class='ocr_par' dir='ltr' id='par_1_4' title="bbox 0 0 992 3700">
     <span class='ocr_line' id='line_1_38' title="bbox 0 0 992 3700; baseline 0 2"><span class='ocrx_word' id='word_1_266' title='bbox 0 0 992 3700; x_wconf 95' lang='lat' dir='ltr'> </span> 
     </span>
    </p>
   </div>
  </div>
 </body>
</html>
