1975 3700
178 290 469 401 ansrruar
496 290 597 403 ΜΒ..
628 290 668 357 V.
719 310 795 381 249

79 423 825 498 ,---aemm---a

499 466 804 481 ..αμα-ιι*

164 506 662 651 ‘'anacanrra
733 630 737 639 Α

73 640 203 756 Inte
222 702 274 754 dies
290 703 343 754 haec
362 704 415 766 est,
433 703 480 773 qui
496 706 662 757 tecelebrare
679 708 778 773 poe'tae,
857 713 860 717 ’

119 776 149 827 Si
163 775 237 827 modi>
252 794 300 827 non
314 777 399 828 fallunt
414 790 542 845 tempora,
558 780 670 839 Bacche,
686 781 784 833 solent:

73 850 203 918 Fessaque
220 850 328 901 odoratis
344 851 468 902 innectunt
482 865 593 919 tempora
609 855 695 914 sertis,

119 923 155 973 Et
172 923 258 973 dicunt
270 924 353 975 laudes
368 925 398 973 ad
415 939 457 974 tua
469 926 525 976 vina
543 939 607 977 tuas.

74 996 154 1048 Inter
167 1012 228 1063 quos
238 1029 247 1056 ,
259 998 374 1057 memini,
391 997 446 1047 dum
460 994 499 1048 m'e
516 1016 568 1049 mea
584 1000 633 1050 sata
648 1000 778 1059 sinebant,
807 1016 819 1065 ς

122 1071 183 1120 Non
198 1070 271 1120 invisa
287 1070 331 1121 tibi
347 1088 401 1136 pars
418 1088 466 1138 ego
483 1071 545 1139 saepe
560 1072 615 1132 fui3
655 1094 657 1101 ·

78 1142 170 1208 Quem
187 1160 252 1194 nunc
268 1144 415 1211 suppositum
430 1145 502 1194 stellis
523 1144 688 1215 Cynosuridos
704 1148 755 1198 Urs
806 1174 808 1179 ·

123 1216 209 1269 lunda
225 1229 295 1268 tenet
311 1219 389 1267 cnidis
404 1218 517 1269 Sarmatis
533 1236 576 1270 ota
591 1220 674 1273 Getis.

79 1290 188 1357 Quique
203 1291 268 1356 prius
284 1293 399 1351 mollem,
416 1308 563 1359 vacuamque
579 1294 721 1355 laboribus,
740 1296 789 1365 egi.

124 1364 153 1414 ln
170 1362 250 1414 studiis
267 1364 341 1414 vitam
356 1364 524 1431 Pieridumque
542 1367 637 1425 choro,
811 1382 843 1417 10

78 1439 161 1489 Nunc
177 1438 266 1503 procul
282 1456 296 1487 a
312 1438 389 1505 patria
405 1438 500 1490 Geticis
519 1440 682 1491 circumsonor
698 1440 789 1499 armis,

124 1510 207 1560 Multa
223 1509 288 1577 priris
303 1513 410 1580 pelago,
427 1514 550 1578 multaque
566 1514 642 1580 passus
658 1516 741 1564 humo.

81 1583 145 1636 Sive
159 1583 220 1632 mibi
236 1585 322 1643 casus,
342 1586 396 1635 cive
410 1586 459 1634 lroc
477 1585 545 1635 dedit
563 1587 598 1637 ira
615 1588 746 1655 Deorum,

122 1656 215 1709 Nubila
229 1658 336 1708 nascenti
354 1658 395 1708 seu
411 1658 469 1707 mihi
481 1657 556 1709 Parca
572 1660 634 1711 snit:
708 1720 711 1726 Δ

46 1744 49 1748 ’
81 1732 128 1782 Tu
142 1743 226 1780 tamen
240 1748 254 1783 e
268 1731 342 1782 ‘sacris
356 1732 454 1781 hederae
467 1732 601 1784 cultoribus
618 1742 689 1783 unum
812 1747 842 1797 15

123 1804 231 1856 Numine
248 1804 365 1856 debueras
382 1804 509 1857 sustinuisse
527 1816 581 1858 tuo.
627 1810 630 1817 '
653 1830 657 1837 ·
682 1828 687 1847 τ
803 1869 808 1877 Ι

84 1880 152 1937 An,
170 1878 274 1930 domine
288 1879 330 1930 sati
348 1880 462 1946 miidquid
478 1882 590 1932 cecinere
607 1881 728 1940 Sorores,

126 1952 210 2002 Omne
226 1951 269 2002 sub
282 1953 380 2002 arbitrio
397 1954 485 2004 desinit
500 1953 547 2004 esse
562 1954 665 2006 Dedin?

83 2025 144 2092 lpse
160 2041 258 2092 quoque
274 2027 393 2078 ethereas
408 2027 500 2078 meritis
515 2029 622 2080 invettus
638 2045 664 2080 es
679 2043 746 2079 arces
759 2045 768 2088 ς

126 2097 185 2162 Qua
201 2115 251 2148 non
266 2099 355 2167 exiguo
370 2100 431 2150 salla
448 2103 533 2152 labore
547 2102 586 2152 via
603 2102 646 2154 est.
692 2146 694 2151 .
812 2118 848 2153 20

85 2173 146 2224 Nec
163 2171 240 2237 patria
256 2172 289 2221 est
304 2173 410 2240 habitata
425 2174 490 2231 tibi;
506 2175 547 2224 sed
564 2176 594 2224 ad
610 2193 685 2245 usque
703 2176 810 2226 nivosum

126 2245 258 2314 Strymona
271 2245 375 2305 venisti,
393 2247 596 2316 Marticolamque
615 2247 723 2299 Getent'
760 2280 765 2290 ι

86 2317 258 2384 Persidaque,
276 2319 303 2370 δι
314 2320 364 2370 iate
382 2319 523 2386 spatiantem
540 2321 636 2374 flumine
652 2321 779 2391 Gangen,

108 2390 161 2442 ¹lit
176 2390 336 2458 quascumque
351 2393 412 2447 bibit
428 2394 530 2457 decolor
545 2395 618 2449 ludus
633 2413 715 2462 aquas.

86 2463 193 2517 Scilicet
206 2465 269 2514 hanc
284 2468 382 2534 legem,
402 2480 488 2518 nentes
506 2468 587 2519 satalia
605 2457 686 2520 Pacci:
813 2483 846 2534 25

127 2537 253 2598 Stamina,
269 2539 305 2588 bic
321 2541 407 2606 genito
421 2541 457 2590 bis
474 2541 585 2594 cecinere
603 2544 656 2594 tibi.

87 2610 137 2662 Me
154 2627 272 2679 quoque,
293 2613 314 2662 si
330 2613 366 2663 fas
381 2613 415 2663 est
429 2617 546 2682 exemplis
562 2615 597 2666 ire
613 2617 742 2679 Deorum,

128 2685 217 2735 Ferrea
233 2683 283 2735 sors
299 2685 357 2736 vitae
372 2684 524 2754 difficilisque
541 2691 640 2755 premit.

86 2757 139 2809 illo
156 2773 203 2808 nec
218 2757 297 2808 levius
313 2759 412 2818 cecidi,
432 2777 504 2827 quem
515 2779 599 2830 magna
616 2765 725 2816 locutum

127 2828 228 2896 Repulit
244 2829 365 2881 aTbebis
384 2832 495 2900 luppiter
512 2835 567 2903 igne
587 2836 639 2886 suo.
818 2853 852 2907 30

62 2925 71 2944 ι
87 2901 127 2956 Ut
143 2907 226 2954 tamen
241 2904 325 2954 audisti
340 2906 473 2971 percussum
490 2907 590 2958 fulmine
605 2922 706 2971 vatem,

48 2993 54 3002 ·
125 2976 262 3030 Admonitu
276 2979 362 3032 nauis
375 2979 523 3036 condoluisse
540 2994 624 3052 potet·

712 3059 763 3114 Lu
