1975 3700
144 236 442 307 ansrrun
473 238 667 310 er.ll.
711 240 784 331 189

66 357 104 407 At
122 358 162 416 si,
180 357 248 423 quod
264 359 380 414 mallem,
397 374 487 407 vacuus
506 355 602 407 lortalse
618 356 718 417 luilles,

106 432 207 481 Nullum
226 428 318 497 legisses
334 430 424 481 crimen
438 431 462 479 in
478 429 541 479 Arre
558 429 620 479 med.
790 446 843 494 ηε

67 504 115 553 llla
130 504 227 570 quidem
245 504 324 554 fateor
339 503 425 553 frontis
442 520 491 553 non
507 502 555 553 elle
571 503 661 553 smera

106 576 222 643 Scripta,
241 593 287 627 nec
301 593 315 625 a
329 588 398 625 tanto
415 575 526 641 Principe
541 576 613 643 digna
629 575 699 643 legi,

67 648 130 699 Non
146 662 226 699 tamen
243 650 336 699 idcirco
353 650 432 716 legum
448 648 569 699 contraria
583 648 654 713 jussis

106 722 169 771 Sunt
184 739 233 781 ea,
249 722 369 771 Romanas
382 723 544 788 erudiuntque
560 738 643 772 nurus.

68 795 163 853 Neve,
182 796 266 861 quihus
281 796 397 853 scribam,
415 796 492 861 possis
510 796 639 853 dubitare,
657 795 753 847 libellus
790 812 841 861 245
895 811 899 821 ’

107 867 234 932 Quattuor
249 872 295 919 hos
313 868 395 919 versus
411 884 425 919 e
440 868 517 919 tribus
531 884 592 917 unus
605 869 690 919 habet.

68 939 127 991 Este
143 942 249 1007 procul,
264 942 331 991 vitta
345 952 451 999 tenues,
469 941 564 1009 insigne
580 940 699 1007 pudoris;

107 1012 219 1081 Quaeque
236 1016 298 1081 tegis
314 1015 407 1065 medios
423 1013 502 1065 instita
516 1015 589 1080 longa
605 1014 693 1079 pedes.

69 1086 132 1145 Nil,
152 1089 197 1139 nisi
214 1088 364 1155 legitimum,
383 1087 540 1153 concessaque
556 1088 639 1146 furta,
656 1104 788 1141 canemust

107 1160 184 1226 lnque
201 1178 257 1211 meo
272 1162 362 1211 nullum
376 1162 482 1211 carmine
497 1161 588 1211 crimen
604 1162 662 1214 erit.
790 1176 842 1227 250

70 1232 166 1298 Ecquid
180 1235 210 1283 ab
227 1234 272 1283 hac
288 1250 372 1285 ornnes
389 1234 464 1302 rigide
479 1230 638 1285 submovimus
653 1232 733 1295 Arte,

108 1306 177 1371 Quas
193 1306 251 1358 stola
268 1307 375 1374 contingi
391 1308 499 1374 vittaque
516 1308 591 1357 sumta
606 1308 697 1359 vetat?

70 1379 105 1429 At
122 1392 231 1431 matrona
245 1379 323 1445 potest
339 1381 421 1431 alienis
438 1381 530 1432 artibus
545 1381 601 1439 uti,

108 1451 217 1519 Quoque
234 1454 334 1513 trahat,
354 1454 460 1520 quamvis
478 1471 528 1505 nen
543 1454 678 1514 doceatur,
695 1454 779 1505 habet.

70 1526 113 1577 Nil
130 1518 203 1593 igitur
220 1540 327 1577 matrona
342 1528 427 1593 legat,
448 1528 502 1593 quia
519 1528 625 1577 carmine
641 1528 671 1577 ab
686 1530 751 1577 omni
788 1541 839 1589 255

107 1599 147 1649 Ad
161 1599 347 1665 delinquendum
362 1600 455 1650 doctior
471 1599 519 1651 elle
535 1600 622 1665 potest.

69 1670 251 1738 Quodcumque
268 1672 393 1739 attigerit,
414 1673 434 1723 si
450 1672 547 1739 quaest
562 1671 663 1723 studiosa
678 1671 782 1731 sinistri,

107 1745 147 1795 Ad
162 1745 247 1796 vitrum
262 1762 341 1797 mores
357 1745 456 1796 inliruet
470 1746 527 1795 inde
544 1746 607 1797 suos.

69 1818 186 1870 Sumserit
201 1818 326 1878 Annales,
341 1816 419 1883 (nihil
432 1818 466 1870 est
481 1818 592 1870 hirsutius
607 1817 652 1870 illis
665 1818 696 1886 ,)

106 1892 180 1942 faita
195 1894 228 1942 sit
245 1894 308 1944 unde
325 1909 410 1958 parens
428 1893 471 1942 llia
487 1909 575 1959 nempe
590 1895 664 1960 leget.
790 1891 842 1942 260

69 1964 206 2025 Sumserit,
226 1963 360 2016 AEneadurn
373 1965 477 2033 genitrix
494 1967 535 2016 ubi
546 1967 621 2030 prima
633 1983 642 2024 3
661 1965 788 2032 requiret,

105 2037 244 2089 AEneadum
258 2040 360 2105 genitrix
377 2039 440 2089 unde
457 2039 488 2088 sit
504 2042 565 2088 alma
577 2039 672 2088 Venus.

70 2111 206 2178 Prosequar
221 2111 340 2171 inferius,
355 2109 429 2162 rnodd
443 2113 464 2160 si
481 2113 540 2162 licet
554 2111 638 2160 ordine
655 2111 732 2169 ferri,

108 2184 178 2236 Poffe
191 2200 281 2238 nocere
298 2186 381 2236 animis
398 2185 508 2236 carminis
523 2202 595 2235 omne
613 2201 698 2251 genus.

70 2259 129 2310 Non
144 2271 227 2310 tamen
243 2258 335 2308 idcirco
351 2259 442 2308 crimen
456 2257 519 2308 liber
533 2257 610 2308 omnis
625 2256 744 2307 habebit:
789 2254 839 2318 265

107 2331 149 2380 Nil
167 2330 280 2397 prodest,
300 2332 366 2398 quod
382 2348 431 2380 non
447 2329 537 2382 laedere
550 2331 627 2397 possit
641 2329 715 2380 idem.

70 2403 130 2472 lgne
145 2405 203 2470 quid
220 2403 323 2456 utilius?
346 2405 365 2454 si
382 2404 433 2471 quis
450 2417 532 2454 tamen
548 2419 620 2454 urere
636 2401 699 2451 tedia

107 2477 261 2543 comparat,
278 2476 381 2528 audaces
397 2476 489 2528 instruit
505 2478 561 2544 igne
578 2493 671 2526 manus.

70 2549 149 2615 Eripit
166 2551 306 2608 interdum,
324 2549 398 2600 modd
415 2551 454 2600 dar
468 2551 588 2600 medicina
604 2550 724 2606 salutem3
823 2553 828 2562 '

106 2623 219 2691 Quaeque
229 2622 312 2689 juvans
321 2623 546 2689 monstrat‚quaeque
556 2623 587 2672 sit
595 2624 670 2672 herba
678 2627 779 2674 no'cens.
790 2634 841 2683 270

70 2696 103 2747 Et
119 2699 201 2755 latro,
222 2697 248 2746 ἃ
262 2710 345 2747 cautus
359 2696 513 2763 praecingitur
528 2695 584 2746 ense
597 2697 676 2745 viator
688 2713 697 2754 ;
784 2749 788 2758 ,

108 2771 153 2819 llle
172 2769 213 2820 led
229 2769 345 2828 insidias,
365 2769 405 2820 hic
421 2770 466 2819 sibi
479 2781 562 2835 portat
574 2780 656 2834 opern.

71 2843 204 2901 Discitur,
222 2842 347 2894 innocuas.
357 2855 384 2892 nt
400 2855 454 2910 agat
468 2876 475 2901 ,
493 2842 622 2900 facundia,
641 2840 719 2890 causas
732 2857 742 2897 3

106 2915 222 2986 Protegit
237 2917 288 2970 haec
306 2916 387 2970 sontes
405 2915 584 2984 immeritosque
600 2913 697 2982 premit.
