1975 3700
208 256 279 329 162
319 254 361 324 P.
390 254 584 325 omn
611 252 855 322 Nasorrts

206 376 232 429 Si
246 374 339 440 poteris
355 390 434 423 vacuo
449 373 530 431 tradi,
544 371 566 424 si
579 372 665 423 cuneta
678 372 774 424 videbis

240 448 329 506 Mitia,
346 447 367 497 si
381 448 446 498 vires
461 446 565 515 fregerit
579 447 615 497 ira
629 448 702 506 suaa3
774 454 780 470 ⁸

161 536 193 588 95
207 522 232 573 Si
247 521 301 589 quis
317 521 384 579 erit,
404 518 484 587 quite
500 521 649 572 dubitantem
663 522 690 572 dt
707 520 775 570 adire
793 520 925 572 timentem

241 594 352 654 Tradat,
367 594 392 645 dt
408 606 464 643 ante
477 605 561 644 tamen
575 611 652 659 pauca
666 597 782 660 loquatur
792 611 803 653 3
814 595 869 647 adi.

206 668 273 719 Luce
289 667 371 725 boni,
387 667 535 734 dominoque
550 679 595 717 tuo
611 667 707 717 felicior
722 668 773 733 ipse

242 740 371 793 Pervenias
386 741 443 791 illuc
461 757 471 798 3
487 742 514 793 δι
530 742 592 791 rnala
609 740 687 791 nostra
700 742 781 791 leves.

207 817 316 881 Namque
331 832 361 867 ea
370 815 412 865 vel
421 830 494 865 nemo
506 846 515 873 ,
526 815 569 865 vel
585 814 626 879 qui
637 814 697 863 mihi
705 815 812 864 vulnera
824 813 905 875 seeit,

149 904 197 941 ιοο
244 889 316 939 Solus
332 888 447 939 Achilleo
463 888 555 939 tollere
571 900 640 938 more
655 886 744 953 potest.

206 960 311 1013 Tantdrn
320 978 352 1013 ne
367 978 475 1020 noceas,
490 961 548 1012 durn
558 961 595 1011 vit
607 959 735 1029 prodesse,
748 960 838 1011 videto
851 976 863 1011 ι

243 1037 304 1086 Nam
322 1036 374 1102 spes
391 1035 424 1085 est
439 1035 511 1097 animi
528 1034 608 1086 nostra
619 1035 709 1091 timore
716 1033 813 1108 pninor.

208 1110 317 1176 Quaeque
333 1108 485 1177 quiescebat,
504 1124 536 1158 ne
550 1121 619 1159 mota
631 1106 739 1159 resaeviat
753 1107 811 1167 ira,

243 1184 274 1234 Et
289 1200 367 1250 poenae
383 1194 411 1233 tu
428 1182 461 1232 sis
476 1183 554 1233 altera
571 1181 659 1239 causa,
672 1196 744 1232 cave.

148 1269 194 1318 105
208 1254 269 1305 Cdm
279 1269 359 1307 tamen
370 1256 393 1305 in
405 1254 512 1306 nostrum
521 1255 597 1305 suetis
607 1255 732 1321 penetrale
743 1268 866 1320 receptus
877 1288 887 1314 ,

243 1328 431 1398 Contigerisque
446 1340 530 1384 tuane,
546 1326 632 1378 serinia
646 1345 739 1387 curva,
757 1329 881 1387 dornuru3

206 1401 317 1467 Aspicies
332 1404 382 1455 illic
398 1402 493 1468 positos
508 1418 540 1453 ex
554 1402 640 1452 ordine
655 1401 763 1458 fratrea,

243 1474 314 1539 Quos
330 1476 431 1527 studium
445 1475 546 1526 cunslot
559 1474 684 1542 evigilavit
697 1474 774 1524 idem.
820 1499 828 1508 a

206 1548 295 1599 Cetera
310 1551 381 1601 turba
397 1549 475 1615 palam
493 1549 579 1599 titulos
596 1547 708 1597 ostendet
724 1559 848 1614 apertos,

147 1635 195 1671 [ιο
243 1622 275 1672 Et
291 1622 331 1672 sua
346 1620 441 1673 detesli
455 1622 553 1671 nomina
568 1621 650 1671 frome
664 1634 744 1688 geret.

204 1693 266 1748 Tres
281 1697 367 1761 procul
383 1694 483 1745 obscuri
498 1695 621 1745 latitantes
633 1707 703 1759 parte
718 1691 831 1743 uidebis.

241 1768 274 1819 lli
287 1784 403 1836 quoque,
418 1768 485 1834 quod
500 1783 573 1818 neruo
586 1765 682 1825 nescit,
697 1782 779 1817 aniate
797 1767 904 1816 docent.

205 1840 259 1892 Hos
276 1855 304 1892 tu
321 1842 362 1894 vel
379 1841 476 1909 sugiaa,
493 1843 554 1900 vel,
572 1840 593 1892 ai
608 1839 662 1892 satis
679 1840 730 1890 oris
748 1840 874 1900 babebis,

241 1915 370 1982 OEdipodas
387 1915 463 1965 facito
474 1915 667 1982 Telegonosque
683 1930 770 1965 voces.

147 2001 172 2036 11
180 2007 193 2052 5
205 1988 294 2054 Deque
304 1989 379 2039 tribus
390 2021 398 2046 ,
412 2004 519 2048 moneo,
532 1988 553 2038 si
563 2004 618 2054 quae
629 1987 675 2038 tibi
686 2004 743 2037 cura
752 1987 885 2053 parentis,

240 2062 279 2111 Ne
294 2078 455 2128 quemquam,
471 2061 578 2128 quamvis
593 2059 644 2126 ipse
659 2060 778 2118 docebit,
792 2077 873 2109 ames.

204 2135 265 2184 Sunt
281 2152 378 2202 quoque
392 2147 490 2185 mutate
506 2147 546 2184 ter
561 2135 667 2202 quinque
681 2134 804 2184 volumina
816 2134 919 2192 sormae,

241 2209 326 2274 Nuper
335 2210 364 2258 ab
382 2208 501 2275 exsequiis
517 2208 621 2258 carmina
632 2219 705 2274 rapta
721 2208 802 2265 meia3

204 2279 248 2331 llis
265 2281 352 2332 mando
368 2281 452 2339 dicas,
470 2282 536 2332 inter
551 2293 641 2331 mutata
656 2279 743 2332 reserri

145 2367 193 2400 120
243 2355 356 2406 Fortuna
371 2355 465 2404 vultum
481 2369 585 2422 corpora
599 2353 665 2420 posse
680 2370 752 2405 meae.

107 2478 109 2483 ,
201 2428 311 2494 Namque
328 2445 356 2478 ea
368 2426 488 2479 dissimilis
505 2424 585 2478 subitd
599 2427 633 2478 esl
648 2425 733 2478 effecta
746 2425 846 2492 priori3

239 2501 377 2568 flendaque
388 2517 452 2552 nunc
468 2517 476 2552 e
492 2502 575 2568 aliquo
589 2512 701 2567 ternpore
716 2501 771 2550 laeta
785 2499 845 2550 suit.

201 2572 272 2624 Plura
288 2575 384 2640 quidem
394 2575 509 2626 mandare
524 2574 587 2633 tibi,
601 2573 621 2623 si
637 2573 743 2640 quaerit,
758 2573 880 2624 habebant
888 2589 899 2631 3

237 2647 286 2698 Sed
300 2663 390 2697 vereor
404 2647 479 2698 tardae
497 2646 567 2698 causa
581 2645 648 2697 tutte
665 2663 749 2697 more.

143 2735 172 2770 12
179 2735 189 2783 5
205 2719 279 2785 Quod
291 2722 326 2780 si,
336 2737 388 2787 que
395 2719 513 2780 subeunt,
522 2734 605 2772 tecum
613 2754 622 2780 ,
631 2719 705 2770 Liber
713 2751 722 2778 ,
730 2719 812 2770 omnia
821 2718 916 2774 serres,

237 2795 333 2846 Sarcina
349 2794 428 2845 laturo
446 2810 532 2862 magna
547 2793 644 2844 suturus
658 2809 723 2845 eras.

201 2869 285 2938 Longa
298 2869 338 2920 via
355 2867 405 2927 ell,
422 2882 548 2935 properat
566 2867 636 2920 nobit
650 2864 798 2918 habitabitur
812 2863 879 2914 orbis

238 2944 367 3003 Ultimus,
388 2959 401 2991 a
420 2940 484 2992 terri
501 2953 567 2992 terra
582 2955 677 2994 renota
692 2938 757 2990 med.
