1975 3700
179 219 251 313 156
277 216 319 286 P.
335 217 464 289 Orto.
479 216 580 289 NAS.
592 221 710 289 FAsr.
722 222 765 292 L.
777 225 845 294 VI.

175 332 249 390 Ferte
267 350 390 389 cotonatae
405 337 522 405 juvenum
538 338 650 391 convitia
663 340 771 399 lintres-5

111 414 164 479 780
212 412 342 478 Multaque
361 428 404 478 per
420 412 511 463 medias
526 412 583 461 vina
596 412 708 463 bibantur
724 430 808 480 aquas.

176 486 249 537 Plebs
265 486 324 535 colit
335 486 418 535 hanc.
409 501 417 514 ·
430 485 503 551 quia,
519 485 562 551 qui
578 486 674 550 posuit,
691 487 722 535 de
732 488 805 552 plebe
819 485 889 537 fuisse

214 549 318 619 Fertur,
337 558 362 609 &
379 574 410 608 ex
425 558 508 609 humili
522 558 615 624 sceptra
629 558 706 609 tulisse
720 561 787 609 loco.

178 633 301 683 Convenit
318 632 344 683 ὅ(
360 630 457 685 servis:
473 630 541 681 serva
556 631 611 699 quit
625 631 721 683 Tullius
736 644 805 683 ortus

214 704 345 755 Constituit
364 704 441 755 dubiae
456 705 547 769 templa
563 704 698 771 propinqua
714 704 788 755 Deae.

114 779 165 844 785
179 778 304 837 ECCE,
321 776 453 827 suburbana
467 778 564 828 rediens
580 777 642 827 male
658 778 750 829 sobrius
766 777 843 838 aede,

215 852 254 917 Ad
271 850 348 901 stellas
366 851 451 918 aliquis
466 850 523 904 talia
539 849 636 901 verba'
629 851 698 917 jacit.

177 923 246 975 Zona
261 924 321 975 latet
334 936 375 975 tua
390 940 473 984 nunc,
490 924 517 974 &
535 940 588 973 cras
604 922 700 975 fortasse
710 923 815 975 latebit:

214 998 312 1049 Dehinc
329 998 396 1057 erit,
414 996 512 1056 Orion,
530 996 665 1063 aspicienda
681 997 751 1049 mihi.

179 1070 213 1121 At
230 1073 250 1121 si
269 1089 319 1121 non
333 1070 392 1123 esset
408 1084 480 1139 potus
494 1088 504 1128 3
522 1069 614 1121 dixisset
630 1070 719 1123 eidem

115 1158 168 1211 790
217 1145 356 1195 Venturum
371 1157 467 1209 tempus
481 1141 601 1194 solstitiale
618 1143 667 1195 die.

178 1215 351 1269 LUCIFERO
368 1218 507 1275 subeunte,
525 1216 600 1267 Lares
614 1217 715 1268 delubra
730 1217 842 1269 tuterunt
852 1252 865 1279 ,

214 1288 262 1340 Hic
279 1290 321 1341 ubi
336 1289 364 1341 fit
378 1288 447 1341 dosis
462 1292 537 1340 multa
555 1307 647 1341 curcua
661 1308 741 1341 manu.

178 1363 286 1429 Tempus
295 1364 359 1415 idem
368 1364 450 1415 Stator
460 1364 519 1415 aedis
529 1365 618 1425 habet,
626 1381 696 1430 quam
704 1364 823 1415 Romulus
832 1364 895 1416 olim

215 1437 281 1486 Ante
298 1437 398 1488 Palatini
413 1438 522 1488 condidit
538 1454 582 1489 ora
596 1436 661 1505 jugi.

116 1523 150 1575 79
156 1526 168 1575 5
181 1509 256 1561 TOT
269 1510 357 1562 restant
369 1512 399 1562 de
410 1512 490 1561 mense
502 1511 574 1570 dies,
588 1523 648 1578 quot
658 1509 755 1561 nomina
763 1509 867 1569 Parcis,

216 1581 276 1633 cum
292 1584 346 1635 data
361 1584 414 1635 sunt
429 1586 521 1635 trabeae
535 1586 644 1649 templa,
665 1584 787 1649 Quirine,
805 1597 868 1637 ωε.

177 1655 344 1709 TEMPUS
361 1658 433 1709 luteis
450 1676 504 1709 cras
521 1655 556 1707 est
571 1658 651 1708 natale
667 1657 781 1708 kalendis.
787 1674 801 1715 i

216 1730 344 1791 Pierides,
362 1732 447 1799 coeptis
462 1730 543 1781 addite
560 1728 647 1781 summa
663 1731 734 1781 meis.

176 1803 261 1854 Dicite
277 1803 405 1864 Pierides,
423 1805 475 1871 quis
494 1820 539 1856 vos
554 1803 692 1871 adjtmxerit
707 1802 765 1864 isti,

117 1877 169 1928 800
217 1877 264 1928 Cui
283 1879 349 1930 dedit
365 1879 462 1930 invisus
478 1878 542 1928 vista
556 1894 663 1930 noverca
678 1895 771 1928 munus·

178 1951 218 2001 Sic
234 1966 304 2036 egp.
321 1952 359 2004 sie
371 1952 446 2011 Clio;
463 1949 531 2002 Clari
544 1964 698 2002 monumenta
714 1949 818 2018 Philippi

214 2011 327 2094 Aspicis,
346 2025 409 2084 unde
426 2025 503 2076 trahit
517 2024 609 2077 Marcia
627 2023 688 2076 casta
704 2041 791 2092 genus·

135 2095 274 2147 Marcia
289 2098 395 2154 sacrifico
413 2098 539 2150 dedustum
554 2113 644 2148 nomen
659 2100 689 2149 ab
704 2099 798 2158 Anco,

215 2171 243 2236 ln
259 2189 305 2238 qua
322 2189 365 2238 par
380 2172 456 2223 facies
475 2171 603 2222 nobilitate
621 2169 674 2221 sua.

116 2243 149 2295 80
154 2259 166 2308 5
181 2243 228 2296 Par
242 2245 322 2295 animo
338 2262 435 2312 quoque
452 2245 528 2295 forma
543 2243 588 2294 suo.
598 2243 729 2311 respondet
745 2241 773 2292 in
789 2242 831 2294 illa
844 2261 858 2304 ς

213 2317 245 2368 Et
262 2334 359 2386 genus,
380 2319 406 2369 δι
424 2317 518 2375 saciet,
539 2317 709 2386 ingeniumque
723 2315 804 2368 simul.

177 2391 233 2442 Nec
249 2391 314 2458 quod
327 2390 448 2442 laudamus
465 2391 584 2450 formam,
602 2402 651 2440 tam
664 2401 736 2455 turpe
748 2389 856 2455 putaris.

214 2463 348 2514 Laudamus
363 2481 458 2531 magnas
475 2464 521 2514 hac
537 2480 633 2531 quoque
652 2474 721 2529 parte
737 2462 815 2515 Deas.

178 2539 260 2604 Nupta
272 2537 318 2590 suit
333 2538 453 2604 quondam
470 2549 601 2590 matertera
616 2537 716 2588 Cesaris
731 2535 779 2584 illi.

117 2611 169 2662 810
222 2609 527 2670 Oidecus,o!sacra
543 2610 631 2660 semim
649 2609 719 2677 digna
736 2605 836 2659 domo!

179 2683 218 2739 Sic
235 2683 324 2736 cecinit
341 2684 396 2735 Clio
412 2700 419 2735 r
435 2684 512 2735 dottae
528 2683 645 2734 assensere
661 2682 777 2736 Sorores.

213 2751 308 2810 Annuit
325 2755 445 2818 Alcides,
460 2757 628 2824 increpuitque
643 2758 730 2826 lyram.

227 2857 397 2957 a‘ints
433 2899 770 2958 caston-uu.
