1975 3700
172 251 274 342 ''72'
323 247 365 317 Ρ.
396 224 592 318 Ονιυίι
618 249 856 321 Nasorcr‘o

221 367 376 426 Mamurius,
394 383 488 416 morum
504 368 610 418 sabraene
627 367 733 418 exaslior
747 369 824 426 artis,

257 439 365 491 Difficile
382 439 433 498 est,
451 441 529 499 illud,
549 440 648 498 dicere,
665 441 753 492 clausit
770 456 842 507 opus.

160 517 209 586 385
224 513 270 564 Cui
288 515 368 564 Numa
383 512 528 572 munificus,
547 513 612 562 Facti
628 526 686 578 pete
702 515 819 580 praemia,
836 515 908 568 dixit.

261 587 286 636 Si
301 603 354 636 mea
370 599 428 636 nota
444 585 524 646 fides,
543 587 609 636 irrita
624 587 691 636 nulla
705 599 789 653 petes.
886 650 889 655 Ι

222 661 275 715 Jam
291 661 391 710 dederat
406 660 492 718 Saliis,
511 677 526 709 a
540 660 601 712 saltu
615 660 713 711 nomina
729 662 844 722 ducunt,

258 733 398 800 Armaque,
418 733 443 784 δι
459 734 489 783 ad
507 745 589 784 certos
605 734 678 782 verba
694 734 803 784 canenda
819 735 917 786 modos.

221 808 285 858 Tum
299 806 334 856 sic
349 806 503 864 Mamurius,
523 806 625 856 Merces
640 806 696 855 mihi
712 807 789 874 gloria
804 807 875 858 detur
885 843 897 866 ,

161 899 211 950 390
258 879 410 946 Nominaque
424 892 535 930 extremo
550 879 655 928 carmine
670 879 749 928 nostra
763 879 858 930 sonent.

155 985 159 993 ι
221 955 279 1006 lnde
295 952 433 1004 sacerdotes
448 953 517 1020 operi
531 951 640 1018 promissa
655 951 752 1004 vetusto
803 987 806 992 -
855 955 861 963 '

256 1026 354 1076 Praemia
368 1027 530 1092 persolvunt,
546 1025 743 1092 Mamuriumque
757 1038 859 1076 vocant.

221 1101 321 1150 Nubere
334 1100 403 1164 siqua
417 1101 506 1157 voles,
523 1099 630 1164 quamvis
646 1099 807 1164 properabitis
822 1100 918 1161 ambo,

257 1171 336 1222 Differ
346 1187 354 1222 t
366 1172 457 1222 habent
471 1188 552 1238 parvae
568 1171 695 1222 commoda
710 1189 795 1238 magna
810 1189 899 1224 morae.

161 1265 212 1316 395
226 1245 299 1296 Arma
313 1257 413 1294 movent
426 1262 550 1312 pugnam,
566 1262 646 1312 pugna
661 1244 695 1294 eli
708 1246 787 1294 aliena
801 1246 905 1298 maritis.

257 1318 361 1368 Condita
378 1315 433 1367 ciun
449 1318 557 1377 suerint,
573 1319 652 1384 aptius
668 1335 741 1368 omen
756 1318 813 1370 erit.
881 1379 885 1382 ι

221 1393 266 1442 His
282 1391 354 1440 etiam
370 1390 460 1454 coniux
475 1392 563 1458 apicati
578 1392 654 1447 cinlia
670 1391 749 1455 Dialis

256 1465 361 1514 Lucibus
375 1464 480 1530 imperas
496 1466 571 1516 debet
585 1458 676 1514 habere
693 1462 783 1515 comas.
831 1516 838 1523 ,

219 1537 377 1588 TERTIA
393 1555 443 1587 nox
456 1538 546 1588 emersa
560 1537 615 1587 suos
632 1537 672 1586 ubi
684 1536 789 1587 morerit
803 1535 874 1603 ignes
886 1555 899 1598 ς

157 1630 210 1678 400
259 1609 378 1660 Conditus
392 1627 406 1660 e
421 1611 521 1678 geminis
536 1610 641 1660 Piscibus
655 1611 790 1661 altererit.

219 1687 280 1736 Nam
297 1683 345 1737 duo
362 1683 415 1735 sunt
427 1699 435 1734 t
448 1683 538 1734 Austris
553 1684 593 1732 hic
609 1683 662 1740 esi,
681 1683 844 1748 Aquilonibus
859 1684 907 1735 ille

256 1757 400 1815 Proximus,
416 1752 433 1806 'a
448 1769 524 1808 vento
538 1774 627 1814 nomen
641 1768 745 1822 uterque
761 1767 843 1806 tenet.

220 1831 309 1883 CUM
327 1829 420 1881 croceis
436 1847 518 1881 rorare
533 1831 600 1898 genis
616 1829 732 1879 Tithonia
748 1827 841 1895 conjux

255 1904 384 1969 Coeperit,
403 1904 429 1953 dt
443 1903 534 1969 quintae
549 1917 659 1969 tempora
675 1903 736 1954 lucis
751 1915 830 1969 aget3

155 1996 206 2045 405
221 1980 277 2029 Sive
293 1976 326 2027 est
340 1976 523 2043 Arstophylax.
541 1978 593 2027 sive
609 1976 643 2026 est
657 1978 725 2043 piger
739 1977 781 2027 ille
795 1975 898 2027 Bootes
911 2010 920 2038 ,

252 2051 399 2117 Mergetur,
421 2050 484 2099 visus
502 2048 649 2117 effugietque
666 2061 731 2099 tuos.
869 2066 874 2071 ·

216 2124 313 2174 Arnon
327 2122 427 2191 effugiet
437 2124 603 2174 Vindemitor.
620 2122 677 2171 Hoc
690 2137 786 2190 quoque
798 2122 903 2173 causam

232 2194 234 2201 ’
252 2197 419 2255 Undetrahat
434 2196 520 2255 sidus,
539 2214 613 2261 parva
628 2196 721 2259 referre
737 2212 805 2245 mora
820 2195 868 2245 est.

216 2270 336 2335 Ampelon
351 2264 470 2319 intonsum
487 2271 576 2335 Satyro
590 2268 751 2337 Nympbdque
767 2280 884 2335 creatum

153 2363 206 2410 4¹0
254 2344 340 2399 Fertur
354 2343 379 2391 in
393 2342 493 2393 lsmariia
508 2342 616 2393 Bacchus
634 2341 719 2391 amasse
733 2340 807 2408 jugis.

214 2417 325 2471 Tradidit
339 2415 396 2465 huic
412 2416 488 2465 vitem
504 2416 652 2482 pendentem
668 2414 793 2465 frondibus
809 2412 875 2463 ulmi
889 2431 903 2473 ς

250 2490 313 2553 Quae
331 2505 401 2537 nuno
409 2488 439 2537 de
456 2490 525 2555 pueri
540 2488 637 2538 nomine
653 2505 743 2539 nomen
758 2488 847 2537 habet.

213 2564 280 2616 Dum
295 2562 354 2628 legit
368 2562 392 2611 in
408 2579 475 2611 ramo
492 2561 566 2627 pidias
581 2563 722 2611 temerarius
739 2577 822 2618 uvas,

249 2636 370 2685 Decidit:
386 2634 489 2684 amilium
506 2636 580 2685 Liber
596 2636 621 2683 in
637 2634 697 2683 asira
713 2633 791 2684 vehit.

150 2728 201 2777 415
215 2708 344 2761 SEXTUS
362 2709 402 2757 ubi
417 2708 522 2759 Oceano
538 2708 652 2757 clivosum
671 2706 761 2757 scandit
773 2706 924 2773 Olympum

248 2782 372 2840 Phoebus,
393 2780 419 2831 dt
435 2781 504 2831 alatis
520 2782 608 2831 aethera
625 2781 705 2845 carpit
718 2780 786 2847 equis
801 2796 810 2837 ;

212 2856 328 2923 Quisquis
342 2854 417 2914 ades,
438 2871 553 2921 canaeque
567 2855 628 2903 colis
642 2854 779 2920 penetralia
793 2851 910 2914 Veste,

246 2930 348 2981 Cratera
364 2927 443 2983 iliacis
459 2939 561 2997 turaque
577 2943 643 2997 pone
657 2926 731 2983 locu.
801 2987 805 2995 ,

831 2997 946 3052 casaris
