1975 3700
353 251 529 319 [ιιι
721 269 793 345 qv

83 361 204 432 Quisquis
219 364 277 416 adet
294 364 384 426 saeris.
402 366 600 437 lugubriadieite
616 367 710 424 verbaa

126 439 158 488 Et
174 439 234 489 iletu
249 439 353 491 madidis
365 441 417 491 lbin
433 443 500 492 adite
517 443 607 510 genis:

87 512 267 578 Ominibusque
283 514 371 572 malis,
385 515 536 582 pedibusque
551 512 675 566 occurrite
689 513 777 564 hvis:

125 585 158 634 Et
171 585 246 651 nigra·
260 584 339 636 vestes
354 603 458 653 corpora
473 587 553 638 veslra
567 599 661 655 tegant.
812 600 862 636 100

86 656 128 708 Τιι
144 674 261 724 quoque,
277 659 335 725 quid
349 661 444 710 dubitas
460 661 549 714 ferales
564 660 658 711 sunrere
671 657 767 710 vittas?

124 730 177 781 Jarn
185 730 255 789 unt,
275 744 303 780 ut
317 733 470 799 ipsevides,
485 735 577 785 funeris
592 751 633 784 ara
648 733 693 783 tui.

87 801 180 868 Pompa
195 817 278 869 parata
293 805 337 854 tibi
351 806 406 857 est:
419 808 483 857 rutis
496 823 564 858 mora
578 807 682 858 tristibus
698 806 770 858 absit.

125 877 164 926 Du
181 874 288 943 jugulum
303 879 407 939 cultris,
426 879 500 931 hostia
517 881 586 940 dira,
605 880 675 931 meis

85 948 167 999 Terra
183 951 227 1000 tibi
241 951 341 1016 fruges,
359 953 434 1003 amnis
450 954 494 1004 ribi
511 954 617 1022 deneget
632 953 728 1004 undas:
813 965 860 1015 105

124 1023 242 1090 Deneget
258 1025 351 1075 afflatus
366 1039 453 1076 ventus
470 1029 497 1077 δι
513 1043 570 1078 aura
586 1027 651 1077 suos.

86 1095 145 1147 Nec
159 1097 204 1146 tibi
219 1098 262 1148 Sol
279 1100 378 1155 clarus,
395 1116 441 1150 nec
455 1101 487 1150 sit
500 1100 544 1150 tibi
560 1099 639 1149 lucida
653 1097 764 1148 Pboebet

122 1169 263 1220 Destituant
277 1172 364 1222 oculos
381 1173 464 1222 Sidera
480 1173 564 1222 curua
580 1185 646 1224 tuos.

86 1241 182 1294 Nesse
198 1243 343 1303 Vulcanus,
359 1262 405 1295 uec
420 1245 445 1296 se
461 1246 506 1296 tibi
523 1246 629 1311 prebeat
643 1244 714 1297 A'e‘r:

124 1317 178 1365 Nec
195 1317 240 1365 tibi
255 1317 298 1368 det
314 1318 421 1376 Tellus,
441 1335 487 1370 nec
505 1319 551 1368 tibi
567 1317 659 1368 Pontus
676 1318 732 1368 iter.
809 1330 860 1366 110

85 1386 179 1446 Exsul,
194 1389 264 1456 inops
279 1405 365 1450 erres,
382 1393 508 1458 alienaque
523 1391 602 1443 limina
620 1391 702 1443 luslres
715 1405 723 1440 ι

124 1463 290 1530 Exiguumque
304 1476 376 1530 petas
388 1481 433 1515 ore
448 1477 569 1515 tremente
585 1466 675 1515 cibum.
732 1511 743 1517 ..

86 1535 145 1585 Nec
153 1552 241 1602 corpus
252 1539 356 1603 querulo
367 1570 377 1595 ,
393 1553 440 1587 nee
450 1553 518 1587 mens
528 1550 600 1589 vacet
609 1554 691 1605 aegra,
712 1537 797 1587 dolore
811 1551 818 1585 ι

122 1609 229 1675 Noxque
244 1611 284 1660 die
301 1610 400 1676 gravior
412 1610 444 1661 sit
458 1611 523 1669 tibi,
541 1611 612 1662 nodie
629 1612 688 1660 dies.

86 1680 173 1748 Sisque
189 1681 261 1732 miser
276 1682 388 1748 semper,
406 1700 453 1734 nee
467 1685 501 1734 sis
516 1684 654 1734 miserabilis
668 1682 732 1734 ulli:
811 1693 839 1731 ιι
846 1696 859 1743 5

123 1754 238 1805 Gaudeat
253 1756 363 1806 adversis
377 1757 466 1807 femina
481 1757 567 1824 virque
584 1757 641 1807 tuit.

84 1827 201 1879 Accedat
215 1829 329 1897 lacrymis
343 1830 444 1890 odium,
461 1831 595 1898 dignusque
611 1841 720 1897 putere,

120 1901 173 1965 Qui
188 1904 250 1952 mala
265 1920 319 1953 ιιιιιι
333 1905 418 1954 tuleris
432 1905 552 1970 plurima,
568 1905 638 1970 plura
653 1903 726 1953 seras.

82 1974 190 2040 Sitque,
207 1976 274 2042 qued
289 1966 322 2027 est
337 1994 437 2035 rarum,
451 1977 523 2027 solito
540 1977 632 2028 desesia
646 1976 751 2031 lavore,

120 2047 246 2099 AErumnae
262 2049 338 2099 saties
351 2049 467 2100 insidiosa
482 2062 543 2101 tuae.
809 2060 859 2097 120

82 2120 210 2189 Causaque
224 2138 275 2172 non
289 2122 371 2180 desit,
389 2123 452 2173 desit
465 2124 509 2174 tibi
524 2124 595 2191 copia
609 2122 705 2177 mortis.

121 2195 240 2262 Optatam
255 2196 333 2263 fugiat
346 2196 397 2247 vita
414 2196 497 2247 ceasia
512 2213 607 2246 necem.

83 2268 248 2336 Luslatusque
262 2269 303 2319 diu
318 2269 439 2320 cruciatos
455 2268 549 2336 spiritus
565 2280 631 2319 artus

120 2342 246 2400 Deserat,
264 2342 289 2391 δι
304 2342 376 2409 longi
390 2354 505 2408 torqueat
519 2354 576 2392 ante
591 2339 668 2392 mord.

83 2413 230 2466 Evenient.
222 2430 231 2445 ·
244 2415 311 2465 dedit
324 2415 374 2481 ipse
388 2416 447 2465 mihi
461 2413 535 2467 mndd
551 2417 617 2482 signa
632 2411 708 2463 futuri
808 2427 857 2476 125

119 2487 246 2540 Phoebus:
257 2488 283 2537 dt
299 2506 313 2538 a
327 2489 388 2539 lava
404 2487 482 2539 malla
497 2490 590 2539 volavit
605 2489 667 2537 avis

83 2560 160 2611 Certe
176 2577 245 2629 ego,
264 2577 319 2627 qua
334 2578 436 2618 voveo,
457 2562 566 2627 Superos
581 2573 674 2611 motura
684 2560 802 2635 puttabo

119 2634 217 2701 Speque
232 2646 281 2685 tuae
295 2633 399 2693 mortis,
416 2633 528 2701 perfide,
546 2634 640 2700 semper
653 2627 713 2683 ala'r.

82 2708 161 2759 Γιιιιιι
176 2709 216 2758 illa
232 2708 303 2767 dies,
321 2724 375 2776 quar
390 2721 416 2759 te
428 2708 485 2757 muln
500 2708 623 2759 subtrahet
640 2708 720 2757 olim:
790 2726 797 2737 ·

119 2781 199 2833 Finiet
213 2782 251 2831 illa
267 2780 337 2839 dies,
354 2797 409 2847 qua
423 2781 480 2831 mihi
496 2781 563 2832 tarda
578 2780 656 2832 venit.
805 2792 856 2845 130

82 2854 114 2907 Et
126 2852 194 2920 priris
208 2856 270 2905 bane
283 2852 403 2912 animam,
416 2853 512 2906 ιιιιιὲιιιιι
529 2854 574 2904 tibi
588 2854 649 2919 saepe
663 2853 785 2920 petitam,

78 2929 82 2939 '
117 2927 277 2989 duseretilla
294 2928 434 2998 dien-quar
449 2929 508 2982 milri
523 2926 679 2991 Ιιιιιιιιιιιι
708 2983 712 2991 ,
756 2968 760 2975 .
