1975 3700
210 277 283 350 114
329 265 379 330 Ῥ.
408 259 601 332 Oerr
626 261 865 336 Nasours

205 381 295 430 Donec
306 381 411 440 Honor,
425 381 570 450 placidoque
585 381 675 432 decens
690 382 846 437 Reverentia
859 391 935 440 vultu

242 453 353 522 Corpora
367 456 479 524 legitimis
494 455 630 520 imposuere
643 457 714 506 toris.

162 543 174 574 2
181 541 191 588 5
206 526 270 577 Hinc
283 529 329 578 sata
339 529 471 594 Maiestam
485 529 531 578 hos
542 528 576 578 est
586 530 642 578 Dea
654 529 723 579 censa
732 544 873 596 parentes:

241 600 346 667 Quique
361 603 398 652 die
412 613 482 668 partu
499 600 533 650 est
547 603 630 660 edita,
652 620 736 671 magna
753 605 810 655 suit.

205 675 257 722 Nec
272 691 354 724 mora:
374 674 482 724 consedit
498 675 580 724 medio
595 673 697 725 sublimis
712 675 850 745 Olympo,

241 747 337 806 Aurea,
352 744 475 816 purpureo
491 748 659 814 conspicienda
671 749 734 800 sinu.

206 819 345 870 Consedere
359 823 428 871 simul
439 820 523 872 Pudor
539 821 565 873 δι
578 821 680 872 Metus:
695 840 768 874 omne
780 825 891 880 rideres

161 903 193 952 30
240 894 337 944 Numen
350 895 379 944 ad
393 897 453 945 hanc
469 895 547 946 cultus
561 895 716 962 composuisse
733 897 799 948 suos.

205 965 316 1018 Protinus
330 970 428 1020 intravit
442 981 536 1020 mentes
551 968 825 1036 suspesiushonorumr

241 1042 279 1090 Fit
291 1043 393 1108 pretium
406 1042 482 1110 dignis
492 1059 502 1100 ε
514 1057 560 1093 nee
573 1042 619 1092 sibi
631 1043 728 1110 quisque
740 1045 840 1109 placet.

205 1114 253 1164 Hic
264 1115 335 1166 slatus
347 1117 370 1165 in
384 1119 447 1167 coeio
459 1117 548 1165 multos
560 1117 689 1182 permansit
700 1117 725 1165 in
736 1133 812 1168 annos
824 1152 835 1177 ,

141 1227 143 1231 .
202 1193 206 1200 ’
240 1189 305 1237 Dum
322 1191 400 1240 senior
413 1187 574 1239 satis-excidit
588 1205 645 1239 aree
658 1189 739 1242 Deus.

160 1269 190 1320 35
203 1261 281 1332 Terra
293 1262 358 1312 feros
369 1276 466 1328 partus,
480 1262 590 1312 immania
600 1262 717 1322 monstra,
733 1261 880 1331 Gigantas,

240 1333 338 1393 Edidit,
356 1336 454 1385 ausuros
466 1337 490 1384 in
501 1335 572 1386 'Iouis
587 1335 622 1384 ire
636 1335 741 1386 domum.

203 1405 274 1457 Mille
288 1425 370 1458 manus
383 1399 428 1458 illis
443 1409 528 1467 dedit,
547 1409 574 1459 ἃ
588 1424 633 1474 pro
649 1411 758 1462 cruribus
769 1426 889 1478 angues:

238 1479 319 1546 Atque
336 1482 388 1541 ait,
410 1482 433 1530 in
449 1498 548 1553 magnos
566 1499 630 1532 erma
641 1481 744 1532 ‘movete
756 1483 841 1534 Deos.

201 1552 327 1604 Exsiruere
341 1556 366 1605 hi
381 1567 475 1604 montes
492 1555 523 1604 ad
538 1555 618 1606 sidera
631 1555 718 1606 summa
728 1559 867 1622 parebam,

157 1639 191 1686 40
239 1627 271 1676 Et
280 1645 391 1696 magnum
401 1630 466 1678 bello
479 1628 599 1678 solicitare
610 1627 709 1678 Iovem.

201 1699 306 1750 Fulmina
321 1705 351 1752 de
366 1702 421 1752 coeli
434 1700 553 1767 jaculatus
565 1700 677 1768 Iuppiter
689 1717 746 1752 arce

236 1775 319 1825 Vertit
333 1777 356 1824 in
371 1767 480 1825 auslor'es
495 1775 604 1838 pondera
620 1774 684 1824 vasta
698 1776 763 1826 suos.

200 1845 244 1897 His
260 1849 322 1899 bene
337 1847 451 1915 Majestas
465 1848 536 1898 armis
552 1847 649 1899 defensa
661 1847 774 1900 Deorum

235 1921 333 1971 Restat:
353 1922 378 1971 &
394 1938 424 1970 ex
438 1921 480 1971 illo
493 1934 604 1987 tempore
620 1920 687 1971 firma
702 1934 792 1973 manet.

154 2006 186 2055 45
198 1993 297 2043 Assidet
309 1994 349 2044 illa
364 1993 421 2046 Jovi
433 2010 439 2045 t
455 1994 524 2047 lovis
537 1994 571 2044 est
583 1993 699 2045 fidissima·
713 1995 810 2050 curtios:

237 2067 265 2115 Et
280 2068 373 2135 praeslat
388 2067 439 2117 sine
457 2070 481 2118 vi
499 2070 592 2134 sceptra
605 2069 731 2119 tremenda
747 2068 817 2121 Jori.

196 2139 312 2191 Venit&
328 2142 462 2193 in'terras:
478 2144 610 2207 coluerunt
626 2142 742 2193 Romulus
761 2144 828 2193 illam
852 2164 855 2167 ⁴

233 2214 264 2262 Et
279 2216 377 2266 Numae
397 2230 453 2266 mox
468 2216 526 2273 alii,
544 2228 656 2283 tempore
672 2217 773 2284 quisque
790 2215 845 2269 suo.

196 2286 239 2335 illa
255 2300 336 2352 patres
351 2288 375 2339 in
389 2290 484 2339 honore
496 2290 538 2354 pio
553 2302 692 2356 matresque
705 2303 810 2342 tuetur:

153 2372 184 2418 50
232 2361 275 2410 Illa
290 2379 372 2412 comes
388 2362 468 2428 pueris
482 2362 663 2429 virginibusque
677 2364 754 2413 venit.

195 2434 239 2483 illa
253 2434 321 2485 datos
334 2434 411 2484 fasces
422 2435 593 2495 commendat,
607 2439 717 2502 eburque
727 2436 833 2488 curule:

231 2508 274 2556 lllu
287 2509 409 2558 coronatis
421 2510 468 2561 alta
481 2509 610 2575 triumphat
622 2509 701 2575 equis.

195 2577 300 2631 Finierat
310 2598 385 2633 voces
398 2580 574 2651 Polyhymnia:
588 2583 647 2632 uitta
658 2584 791 2647 probarunt

231 2653 353 2720 Clioque,
370 2656 395 2706 &
408 2674 487 2706 curvae
503 2656 560 2705 scita
574 2654 662 2705 Thalia
679 2656 748 2723 iyrae.

151 2740 180 2789 55
193 2726 290 2793 Excipit
300 2728 393 2779 Uranie
406 2744 414 2781 t
428 2730 512 2779 secere
525 2730 620 2779 silentia
630 2728 720 2779 cunstat
732 2746 742 2787 ς

230 2801 262 2851 Et
273 2820 323 2853 vox
333 2804 409 2853 audiri
420 2803 502 2861 nulla,
514 2803 559 2853 nisi
568 2803 608 2851 illa
619 2800 707 2868 potest.
733 2836 741 2844 -

192 2873 283 2942 Magna
299 2876 346 2927 suit
360 2878 480 2943 quondam
495 2876 579 2944 eapitis
597 2876 735 2927 reverentia
749 2874 823 2937 caui,

231 2950 306 3017 inque
323 2950 367 3003 suo
383 2952 464 3017 pretio
479 2967 538 3018 ruga
554 2950 635 3001 senilis
651 2962 715 3001 erat.
