1975 3700
165 258 680 331 numantini.
731 279 780 350 29

8 431 9 434 Ἴ
67 371 92 426 N
94 391 123 423 on
136 379 214 428 meriti
224 396 319 444 poenam
330 381 419 446 pateris
430 415 438 438 ,
453 380 494 430 sed
505 379 616 429 Numinis
628 380 706 428 irunt

8 449 10 456 '
103 448 141 498 Est
152 451 241 518 aliquid
251 455 342 521 magnis
354 455 445 502 crimen
459 451 537 502 abeiie
550 454 629 504 maiis.

67 519 170 572 Conscia
179 541 247 575 mens
257 539 285 575 ut
299 527 386 592 cuique
402 527 441 575 sua
452 526 505 584 eii,
520 527 554 575 ita
563 526 672 590 concipit
685 526 748 574 intra
785 525 837 588 485

105 593 204 646 Peiiora
217 615 261 663 pto
272 599 334 648 faiio
345 600 457 666 spemque
468 612 608 664 metumque
623 599 675 648 suo.

66 667 121 716 Nec
130 681 211 718 tamen
222 703 230 728 ‚
248 684 276 722 ut
285 673 373 738 primus
385 706 392 730 ,
409 689 498 730 maere,
516 673 577 721 maia
586 671 643 720 talia
652 670 728 738 passus
738 688 748 729 3

104 739 193 792 Obruit
203 744 314 810 ingentes
325 744 366 793 ista
376 747 484 809 procella
495 745 572 795 viros.

67 808 145 862 Puss'us
156 815 220 864 idem
231 849 239 875 ,
257 817 338 884 Tyriis
349 819 389 882 qui
400 819 520 884 quondam
529 817 610 883 pulsus
620 817 650 867 ab
661 820 709 869 oris
720 851 729 876 ‚

106 884 213 938 Cadmus
225 923 234 946 ‚
251 890 275 938 in
287 890 365 940 Aonia
380 891 485 940 constitit
497 891 563 940 exsul
573 893 656 940 humo.
785 905 839 954 490

47 979 50 988 ·
65 956 146 1009 Passus
157 961 220 1010 idem
231 962 332 1029 Tydeus
343 997 350 1021 ,
369 963 395 1013 &
405 964 468 1013 idem
479 963 598 1030 Pagaseus
610 964 698 1022 lason3

105 1032 138 1082 Et
148 1051 209 1100 quos
223 1048 342 1100 preterea
353 1037 424 1104 ionga
439 1038 531 1088 referre
545 1052 612 1086 mora
623 1037 666 1085 est.

66 1103 150 1157 Omne
165 1107 241 1157 solum
251 1109 308 1158 forti
319 1111 396 1176 patria
407 1109 458 1169 est,
478 1123 507 1159 ut
515 1110 618 1175 piscibus
632 1125 716 1175 aequor
726 1127 736 1168 ς

104 1180 141 1229 Ut
151 1182 264 1239 volucri,
282 1199 361 1234 vactro
372 1184 486 1249 quicquid
499 1184 525 1232 in
538 1185 598 1232 orbe
611 1195 688 1248 patet.

65 1249 122 1302 Nec
132 1253 183 1304 fera
192 1255 320 1322 tempestas
334 1269 389 1306 toto
404 1269 485 1306 tamen
494 1257 580 1306 horret
593 1257 618 1304 in
627 1272 712 1313 ann03
785 1269 837 1320 495

103 1325 136 1374 Et
147 1327 210 1386 tibi,
226 1329 298 1378 crede
311 1331 387 1389 mihi,
402 1341 512 1396 tempora
526 1329 591 1378 veris
604 1341 683 1378 erunt.

62 1395 194 1460 vocibus„
210 1401 340 1461 Evander,
358 1401 450 1453 firmati
465 1414 547 1452 mente
559 1403 687 1468 parentis,

10 1510 16 1520 .
104 1472 174 1522 Nave
186 1474 251 1525 secat
260 1475 363 1533 fluuius,
380 1475 569 1542 Hesperiamque
578 1485 658 1524 tenet.

63 1543 168 1612 Jamque
179 1560 272 1606 ratem,
290 1549 366 1598 doure
375 1551 468 1598 monitu
479 1547 632 1606 Carmentis,
649 1549 674 1598 iu
683 1563 778 1598 amnem

104 1619 212 1686 Egeta,
229 1621 366 1672 &Thuscis
378 1624 462 1672 obvius
474 1623 525 1670 ibat
535 1623 612 1687 aquis.
788 1637 840 1684 500

64 1692 181 1743 Fluminis
192 1695 233 1744 ille
247 1695 308 1744 latus
319 1729 327 1753 ,
343 1696 382 1744 cui
393 1696 445 1744 sunt
455 1695 516 1743 vada
528 1693 607 1757 juniie
617 1692 737 1753 Terenti,

105 1764 231 1830 Adspicit,
250 1767 276 1816 δι
286 1766 374 1832 sparsas
387 1783 431 1833 per
441 1770 496 1817 loca
510 1767 559 1815 sola
571 1764 644 1815 casas.

63 1838 152 1905 thue
164 1853 235 1898 erat,
251 1839 362 1892 immissis
375 1841 472 1907 puppim
483 1840 548 1890 stetit
561 1852 618 1889 ante
629 1838 739 1906 capiliis;

105 1912 281 1980 Continuitque
295 1930 390 1965 manum
405 1927 475 1965 torva
488 1912 596 1980 regentis
608 1914 669 1964 iter.

62 1986 100 2038 Et
111 1989 196 2050 procul
211 1988 235 2036 in
246 1987 354 2037 dextram
363 1989 465 2039 tendens
479 1988 520 2037 sua
528 1987 627 2036 brachie
636 1987 728 2053 ripum,
788 2001 837 2051 505

105 2058 180 2109 Pinea
191 2078 240 2110 non
250 2062 306 2110 sano
317 2074 356 2111 ter
366 2062 430 2126 pede
440 2063 507 2111 teitu
517 2060 582 2109 ierit.

62 2126 139 2183 Neve
152 2133 219 2183 daret
234 2134 317 2183 saltum
327 2150 458 2201 properans
468 2132 577 2183 insistere
590 2145 681 2190 terne,

104 2205 200 2255 Vixeii
210 2206 314 2257 Evandri
326 2208 521 2273 vitquetetenta
531 2218 612 2255 manu.
754 2270 757 2275 ¹

60 2276 151 2343 Dique
165 2279 315 2343 petitorum,
333 2280 410 2337 dixit,
428 2280 519 2330 salvete
531 2278 660 2337 locorum

105 2350 193 2417 Tuque
205 2368 283 2401 novos
297 2356 360 2403 coelo
370 2365 435 2402 terra
446 2354 530 2404 datura
544 2353 621 2410 deest
791 2366 842 2409 510

60 2424 242 2491 fluminaque,
261 2425 287 2475 &
299 2426 406 2484 Fontes,
426 2427 511 2493 quibus
521 2428 597 2475 utitur
606 2425 699 2491 hospite
712 2424 803 2483 tellus,

106 2497 138 2547 Et
148 2514 272 2548 nemorum
282 2499 354 2549 Divae
365 2533 372 2557 ,
391 2498 560 2562 Naiadumque
575 2498 642 2548 chori
652 2514 662 2556 3

60 2568 124 2622 Este
134 2570 203 2621 bonis
216 2573 298 2621 avibus
308 2574 354 2623 visi
365 2585 471 2637 natoque
481 2572 588 2637 mihique
598 2587 609 2629 ς

106 2643 217 2709 Ripaque
227 2644 292 2694 felici
302 2645 363 2694 tadu
375 2646 407 2694 sit
416 2644 456 2693 ista
466 2645 539 2709 pede.

60 2714 172 2770 Fallor?
189 2732 220 2766 an
234 2717 259 2765 hi
270 2714 329 2766 fient
340 2718 445 2782 ingentia
456 2718 546 2767 moenie
556 2714 654 2767 celtes>
790 2732 839 2780 515

105 2788 118 2840 J
122 2806 212 2855 utaque
223 2790 253 2838 ab
263 2789 308 2838 hac
319 2790 383 2841 terri
395 2802 477 2841 cetera
488 2803 554 2840 tetra
563 2787 656 2857 petet?

57 2862 196 2918 Montibus
207 2863 243 2913 his
254 2863 311 2912 olim
322 2876 389 2914 totus
398 2864 548 2929 promittitur
557 2864 633 2915 orbis.
698 2863 700 2867 ’

106 2933 170 3001 Quis
180 2946 274 3018 tautum
283 2936 326 2989 fati
338 2938 421 2989 credet
431 2938 522 2991 habete
533 2934 637 2993 losum?
672 3006 691 3057 B

706 3025 732 3073 ¹¹1
