1975 3700
192 245 267 339 248
306 244 348 315 P.
376 240 569 314 omnir
593 242 825 315 Nasonis

148 380 183 429 45
195 367 316 431 alloquor
330 380 362 415 en
378 361 462 413 absens
478 361 603 427 presentia
618 360 714 411 numina
730 361 857 427 supplex:

229 438 255 488 si
270 438 306 488 sas
323 435 356 487 eu
369 434 459 487 homini
476 451 530 485 cum
547 433 609 487 Jove
623 432 689 501 posse
709 436 789 501 loqui.

194 510 316 563 Arbiter
308 509 405 575 tmperir
397 507 422 557 Ι
434 524 483 575 quo
500 520 593 557 certum
611 507 644 557 est
659 507 749 573 sospite
765 507 872 558 cunsios
975 530 978 601 q

229 584 439 637 antoniacum
455 580 533 648 gentis
550 580 639 629 habere
655 580 750 631 Deos·

194 656 221 711 0
236 658 337 707 decus.
330 653 337 689 ¹
354 654 371 705 b
388 654 471 721 patriae
486 670 531 720 per
546 666 572 702 te
588 652 720 703 florentis
713 653 817 721 imago!

153 744 186 794 50
234 730 259 781 0
275 728 315 780 eir
327 745 378 778 non
392 727 462 793 ipso,
477 742 549 793 quein
564 726 643 793 regis,
660 728 720 777 orbe
736 726 839 777 minor!

194 803 234 855 Sic
250 802 345 852 habites
357 812 452 858 terras,
469 800 495 850 bt
513 811 538 850 te
553 798 676 849 desideret
691 800 789 861 aether!

230 876 272 927 Sic
284 875 317 925 ad
331 873 400 941 pasta
412 871 457 923 tibi
474 872 554 921 sidera
570 872 652 923 tardus
668 872 729 921 eas!

194 948 291 1007 Parce,
304 962 410 1017 precor:
422 946 591 1011 minimamque
606 945 690 1003 tunde
702 945 808 997 fulmine
819 958 912 1013 partem

231 1022 313 1075 Deme
329 1039 340 1080 3
357 1020 411 1070 satis
426 1035 506 1085 poenae
515 1053 523 1077 ‚
540 1018 606 1084 quod
619 1018 759 1083 superabit,
778 1020 838 1069 erit.

153 1110 184 1160 55
196 1096 237 1148 ira
248 1094 343 1163 quidem
354 1092 479 1144 moderata
489 1104 531 1143 tua
541 1091 574 1143 ett
585 1108 594 1150 3
605 1092 727 1158 vitamque
740 1092 848 1143 dedisti:

231 1169 286 1219 Nec
300 1167 358 1217 mihi
371 1164 410 1232 jus
424 1166 501 1223 ciuis.
516 1181 562 1215 nec
574 1164 631 1213 mihi
645 1181 733 1215 nomen
748 1164 827 1221 abest.
977 1160 978 1197 t

195 1243 251 1294 Nec
264 1256 319 1295 mea
332 1237 442 1291 conceffa
455 1237 490 1289 est
506 1238 557 1289 aliis
570 1237 677 1289 fortuna
691 1254 699 1289 a
713 1254 761 1289 nec
777 1238 850 1289 exsul

232 1314 310 1366 Edisii
325 1313 402 1364 verbis
415 1312 529 1361 nominor
544 1310 594 1377 ipse
610 1310 657 1361 tui.

195 1386 332 1454 Omniaque
343 1388 396 1439 haec
406 1386 490 1440 timui,
505 1385 559 1450 quia
570 1400 609 1433 me
620 1381 727 1434 meruisse
737 1383 871 1437 videbam:

152 1459 187 1510 60
234 1460 283 1511 Sed
299 1473 342 1511 tua
357 1470 460 1525 peccato
474 1458 553 1507 lenior
568 1456 602 1506 ira
617 1472 672 1507 meo
687 1456 730 1506 est.

193 1533 262 1585 Arva
275 1530 509 1601 relegatumjussitii
527 1530 605 1581 visere
621 1529 712 1589 Ponti,

231 1606 263 1657 Et
278 1606 419 1674 Scythicum
432 1604 538 1671 profugi
552 1602 644 1657 findere
660 1620 740 1671 puppe
757 1604 861 1657 fretum.

131 1721 138 1726 .
193 1678 273 1733 suissuis
287 1680 318 1731 ad
332 1678 421 1729 Euxini
436 1676 553 1728 deformia
566 1678 638 1727 litora
652 1678 710 1727 veni

154 1768 162 1780 ·
230 1748 347 1819 AEquoris
364 1767 372 1802 t
386 1752 438 1802 baec
453 1750 535 1819 gelido
550 1762 614 1799 terra
631 1750 673 1800 sub
686 1746 731 1801 a'xe
749 1749 828 1816 jacet.

148 1822 166 1875 6
170 1838 183 1889 5
196 1825 250 1877 Nec
261 1841 300 1876 me
311 1837 360 1876 tam
371 1824 462 1876 cruciat
471 1839 600 1890 numquam
615 1822 665 1876 sine
679 1822 770 1891 frigere
783 1825 889 1884 coelum,
976 1873 977 1888 1

118 1961 123 1968 ,
233 1898 360 1965 Giebaque
378 1898 474 1948 canenti
489 1895 584 1963 semper
598 1896 680 1946 obusta
695 1899 772 1964 gelu;

194 1972 331 2038 Nesciique
344 1970 378 2021 est
394 1972 464 2020 vocis
477 1970 545 2036 quod
560 1971 660 2022 barbara
674 1970 756 2038 lingua
772 1969 866 2022 Latinae
878 1987 887 2029 ς

230 2038 355 2111 Graiaque
371 2045 436 2110 qued
455 2044 546 2096 Getico
560 2041 622 2094 vista
638 2044 736 2109 loquela
753 2043 835 2102 son05

166 2125 170 2130 ’
194 2118 274 2183 Quint
284 2117 350 2184 quod
358 2115 461 2168 finitimo
472 2117 563 2166 cinsius
574 2132 671 2182 premor
682 2116 789 2182 undique
800 2116 903 2176 Marte,
896 2134 902 2146 ·

150 2205 185 2253 70
232 2192 330 2258 Virque
345 2191 425 2241 brevis
441 2202 520 2256 tutum
537 2205 619 2240 murus
633 2191 663 2239 ab
677 2189 745 2240 hoste
763 2189 833 2242 facit

194 2263 245 2316 Pax
260 2277 340 2316 tamen
357 2264 496 2321 interdum
511 2263 577 2329 pacis
593 2261 680 2312 fiducia
695 2279 825 2328 numquam
845 2262 888 2314 esi.

230 2337 271 2388 Sic
287 2340 351 2388 nunc
365 2337 406 2388 itic
421 2337 528 2403 patitur,
542 2351 605 2386 nunc
620 2335 691 2386 timet
706 2353 791 2397 arma
808 2337 886 2386 locus.

193 2410 258 2463 Hinc
275 2427 324 2479 ege
339 2411 395 2461 dum
410 2421 509 2468 muter,
525 2410 566 2458 vel
582 2424 620 2458 me
637 2408 749 2459 Zanclaea
767 2407 905 2478 Charybdis
976 2417 977 2438 ¹

230 2483 362 2541 Deteret,
376 2498 437 2548 aque
452 2482 498 2532 suis
512 2481 543 2532 ad
559 2481 634 2549 Styga
651 2481 730 2533 mittat
744 2482 833 2547 aquis:

150 2570 183 2619 75
196 2558 246 2608 Vei
261 2554 349 2621 rapidae
363 2555 463 2606 flammis
477 2571 533 2606 urar
549 2553 669 2620 patienter
685 2553 709 2606 in
726 2552 832 2609 AEtnaer
855 2580 856 2584 =

183 2668 186 2672 Δ
230 2629 281 2679 Vel
295 2628 357 2678 freta
375 2627 489 2678 Leucadii
505 2628 588 2678 mittar
601 2628 627 2677 in
641 2629 688 2678 alta
705 2627 766 2678 Dei.

194 2700 905 2768 Quodpetitur,poenaesiznequeenimmiseresserecusuq

146 2790 150 2801 ¹
230 2775 277 2830 Sed
288 2791 377 2844 precor
387 2807 397 2838 ‚
409 2787 437 2828 ut
449 2775 543 2845 possin
557 2771 632 2846 qutiis
648 2772 694 2827 esse
712 2773 796 2829 miser.
