1975 3700
136 231 418 303 FAsronvru
447 234 553 303 Lrn.
580 237 649 305 VI.
703 255 775 329 145

69 350 186 406 iusserat:
202 353 227 403 ὅ(
243 351 321 403 fratris
337 352 406 420 virgo
423 352 532 402 Saturnia
549 350 621 417 justis

105 427 217 484 Annuit,
238 426 265 477 &
279 426 363 475 nrediae
381 439 489 491 tempora
506 426 582 475 notlis
599 440 676 476 erant.

71 499 84 551 J
87 516 122 549 am
134 499 233 549 ducibus
244 498 350 549 somnum
360 499 461 549 dederat
470 500 538 548 labor
548 514 555 548 t
567 500 677 565 increpat
686 498 743 548 illos
787 500 838 565 385

105 572 237 638 Juppiter;
260 573 285 623 ὃ(
301 572 368 622 sacro
381 595 388 632 ·,
407 572 464 639 quid
481 573 562 629 velit,
577 588 622 621 ore
636 572 722 622 docet·

72 646 185 713 Surgite,
206 645 270 694 &in
286 646 378 695 medios
393 646 424 695 de
442 645 537 695 summis
550 646 646 695 arcibus
663 645 743 695 hoster

108 719 221 774 Mittite,
239 734 309 783 quarn
324 718 420 767 minime
434 718 538 784 perdere
553 719 645 774 vultis,
663 736 745 785 opem.

31 794 35 800 '
71 792 173 842 Somnus
190 792 260 850 abit,
275 804 434 858 queruntque
450 791 521 841 novis
537 793 673 859 ambagibus
687 793 752 851 atii,

108 864 214 915 Perdere
231 881 301 931 quarn
315 865 412 923 nolint,
431 863 458 916 δι
471 862 619 929 jubeanturc
635 882 716 930 opem.
791 878 844 931 390

71 937 156 998 Ecce,
171 937 249 988 Ceres
263 938 313 988 viia
329 938 381 989 est:
400 937 492 1003 jaciunt
508 937 620 987 Cerealia
636 938 719 989 dona:

108 1012 174 1063 Jaua
188 1011 258 1079 super
274 1012 354 1078 galeas
368 1011 482 1077 scutaque
499 1012 572 1077 longa
586 1010 682 1060 sonant.

73 1084 141 1136 Posse
156 1085 218 1134 farne
234 1085 299 1135 vinci
315 1084 368 1151 sper
385 1084 498 1134 excidit:
514 1082 582 1134 holle
597 1084 713 1150 repulso,

112 1157 220 1207 Candida
235 1158 317 1207 Pistori
333 1158 431 1223 ponitur
447 1172 487 1207 ara
503 1157 569 1209 Jori.

74 1232 148 1284 Forte
160 1232 300 1281 revertebar
314 1232 385 1281 sacris
402 1230 538 1285 Vestalibus
551 1231 627 1286 illic,
793 1244 846 1299 395

111 1303 167 1367 Qua
184 1306 257 1355 Nova
272 1304 382 1354 Romano
396 1317 461 1355 nunc
475 1305 524 1355 Via
537 1303 617 1371 jundai
631 1303 696 1355 Foro
711 1302 754 1355 est.

74 1377 130 1428 Huc
146 1378 209 1443 pede
225 1390 356 1428 matronam
372 1378 421 1428 vidi
437 1377 583 1427 descendere
596 1378 673 1429 nudo·

113 1450 231 1518 Obstupui
246 1452 353 1510 tacitus,
369 1450 512 1517 sustinuique
526 1451 634 1518 gradum.

74 1524 157 1575 Sensit
173 1540 232 1574 anus
248 1524 327 1573 vicina
341 1524 409 1575 loci:
425 1523 557 1590 jussumque
574 1522 659 1574 sedere

111 1598 269 1661 Alloquitur,
286 1597 416 1663 quatiens,
434 1612 498 1645 voce
511 1609 655 1655 tremente,
673 1608 755 1662 caput.
793 1614 849 1660 400

74 1670 134 1720 Hoc
145 1688 158 1729 ,·
167 1672 207 1719 ubi
224 1686 287 1717 nunc
304 1670 356 1718 fora
372 1670 445 1726 lunt,
461 1668 516 1717 udae
528 1681 631 1718 tenuere
645 1670 767 1736 paludem

111 1743 194 1792 'Amne
209 1739 348 1791 redundatis
364 1739 422 1791 fossa
436 1740 548 1791 madebat
564 1742 640 1807 aquis.
690 1783 694 1789 .

75 1816 177 1866 Curtius
191 1816 234 1866 ille
250 1816 335 1874 lacus,
351 1815 427 1866 sicces
443 1814 484 1883 qui
497 1814 593 1865 sullinet
608 1830 678 1873 aras,

114 1890 187 1938 Nune
202 1889 277 1940 solida
292 1888 325 1940 etl
341 1891 431 1948 tellus,
452 1889 492 1938 sed
509 1889 575 1939 lacus
590 1901 646 1939 ante
661 1889 717 1940 tuit.

73 1963 132 2027 Qua
144 1963 251 2014 Velabra
267 1962 344 2014 solent
360 1962 384 2012 in
402 1961 501 2012 Circum
515 1962 605 2012 ducere
619 1979 740 2032 pompas,
796 1979 847 2026 405

114 2037 156 2086 Nil
171 2049 260 2102 preter
275 2037 357 2088 salices
375 2035 485 2102 cassaque
502 2053 579 2086 canna
594 2036 650 2086 fuit.

76 2110 148 2174 Saepe
166 2110 308 2161 suburbanas
324 2109 421 2160 rediens
437 2110 539 2160 conviva
553 2125 598 2174 per
614 2109 689 2160 undae
766 2137 771 2145 ·

115 2181 222 2242 Cantat,
240 2184 265 2234 δι
283 2183 313 2231 ad
327 2195 411 2232 nautae
424 2181 490 2231 ebria
504 2182 579 2231 verba
593 2179 661 2245 jacit.

76 2255 211 2314 Nondum,
227 2257 375 2306 conveniens
391 2253 493 2304 diversis
507 2254 549 2303 iile
564 2252 665 2319 figuris,

114 2329 212 2378 Nomen
228 2331 258 2377 ab
274 2328 359 2378 averso
376 2338 474 2394 ceperat
490 2343 560 2376 amne
577 2327 656 2376 Deus.
798 2344 851 2389 410

75 2399 128 2452 Hic
145 2417 242 2468 quoque
258 2403 326 2452 lucus
344 2411 414 2460 erat,
432 2399 511 2468 juncis
528 2400 685 2451 &arundine
703 2400 808 2453 densus:

115 2473 147 2523 Et
162 2475 225 2538 pede
239 2475 322 2524 velato
337 2490 386 2524 non
400 2473 511 2524 adeunda
525 2475 601 2539 palus·
691 2467 696 2473 ’

78 2549 170 2614 Stagna
187 2544 352 2605 recesserunt,
372 2547 398 2596 dc
412 2559 484 2612 aquas
501 2546 541 2595 sua
555 2546 608 2611 ripa
623 2548 742 2598 coercete

116 2621 237 2686 Siccaque
254 2636 317 2668 nunc
331 2620 404 2669 tellus
421 2634 429 2670 t
446 2634 498 2669 mos
513 2631 593 2669 tamen
608 2621 666 2670 inde
682 2633 774 2672 manet.

77 2693 232 2747 Reddiderat
247 2692 350 2743 causam.
365 2692 472 2752 Valeas,
487 2708 546 2742 anus
559 2694 669 2759 optima,
686 2695 755 2752 dini5
799 2707 851 2756 415

34 2771 36 2774 “
117 2764 194 2830 Quod
209 2765 312 2832 superest
329 2765 393 2824 aevi,
407 2767 480 2816 molle
498 2765 529 2815 sit
545 2781 637 2824 omne,
654 2767 700 2817 tui.

77 2838 175 2890 Cetera
191 2839 343 2906 jampridem
359 2838 431 2888 didici
447 2839 580 2905 puerilibus
596 2841 685 2897 annisa

117 2914 176 2964 Non
193 2925 274 2962 tamen
290 2912 383 2964 idcirco
397 2914 566 2982 pretereunda
579 2913 645 2965 mihi.

145 2986 229 3038 Turnus
247 2985 263 3038 I
267 2984 284 3036 I
289 2985 312 3042 I.
726 2984 752 3038 G
