1975 3700
175 265 473 334 Tatsrrvrr
503 261 683 335 ΜΝ.
722 283 798 362 247

87 381 201 452 Quaque
217 381 286 434 mori
297 382 421 452 spatioque
437 383 480 434 suo
494 382 592 434 coitura
605 383 689 450 putavi

124 459 251 515 Vulnera,
263 473 312 507 non
323 457 409 516 aliter,
421 461 490 524 quim
503 456 576 508 modo
586 457 662 515 facta,
674 458 769 511 dolent.
810 471 843 508 to

88 531 191 584 Scilicet
207 530 299 598 exiguis
315 531 411 598 prodest
426 530 515 582 annosa
531 529 634 581 vetustas
643 547 653 588 3

126 603 265 656 Grandibus
279 604 398 654 accedunt
412 615 525 671 tempore
540 603 624 653 damna
640 603 717 655 malis.

87 677 161 729 Paene
179 678 265 726 decem
279 677 339 728 totis
358 677 417 727 aluit
432 675 552 727 Paeautius
567 675 636 726 anuis

124 749 265 800 pestiferum
280 750 374 800 termido
390 753 476 800 vulnus
491 751 522 800 ab
538 765 616 817 angue
633 749 723 801 datum.

86 824 214 889 Telephus
228 822 320 874 aeterni
336 823 473 874 consumtus
490 823 546 873 tabe
563 822 679 889 periffet,
810 835 841 886 15

125 897 152 947 Si
167 913 233 956 uon,
249 913 302 963 quae
320 897 422 956 nocuit,
440 896 527 946 dextra
542 895 630 946 tuliss'et
645 913 728 962 opem.

86 971 119 1021 Et
132 987 202 1030 mea,
217 971 238 1020 si
251 970 344 1020 facinus
359 969 449 1020 nullum
462 968 641 1028 commisimus,
656 983 717 1036 opto
780 967 785 976 ’

123 1045 236 1098 Vulnera
252 1043 293 1110 qui
308 1043 384 1102 iecit,
400 1042 460 1094 facia
475 1043 559 1092 levare
572 1043 645 1093 vetit.

86 1115 276 1183 Contentusque
289 1116 337 1166 mei
348 1115 397 1182 jam
412 1116 510 1169 tandem
525 1127 594 1182 parce
607 1113 715 1176 laboris,

124 1189 244 1257 Exiguum
258 1190 333 1254 pleno
349 1189 380 1239 de
396 1205 463 1239 mare
478 1187 559 1238 demat
574 1205 652 1255 aquae.
808 1203 844 1240 ιο

85 1263 210 1314 Detrahat
224 1273 251 1312 ut
266 1263 385 1321 multum,
402 1263 503 1312 muitum
517 1259 613 1311 restabit
626 1261 725 1312 acerbit

123 1335 231 1403 Parsque
248 1351 307 1385 meae
323 1351 402 1402 poenae
418 1334 494 1384 totius
511 1333 581 1384 instar
594 1333 651 1384 erit.

84 1407 171 1459 Litora
186 1419 247 1476 quot
262 1409 383 1465 conchas,
400 1420 461 1474 quot
476 1421 570 1456 amoena
582 1407 672 1457 rosaria
686 1407 781 1468 tiores,

124 1480 228 1545 Quotve
244 1481 403 1548 soporiferum
419 1496 491 1548 grana
506 1496 613 1545 papaver
621 1479 714 1540 habet3

87 1553 154 1606 Silva
169 1555 233 1606 feras
248 1566 309 1621 quot
322 1553 382 1613 alit,
399 1565 459 1620 quot
474 1551 577 1619 piscibus
592 1553 656 1603 unda
670 1565 786 1611 natatur,
807 1566 839 1616 25

124 1626 196 1692 Quot
212 1639 323 1678 terrerum
340 1627 425 1692 pennis
442 1628 498 1678 aete
513 1626 590 1692 pulsat
605 1627 676 1686 avis;
805 1691 808 1696 ¹

84 1701 139 1752 Tot
154 1717 251 1769 premor
267 1701 373 1751 adversis
393 1714 469 1766 tquae
488 1695 699 1765 si'comprendere
713 1695 809 1756 coner,

123 1774 208 1825 Iceriae
224 1789 350 1825 numerum
364 1773 445 1824 dicere
462 1787 538 1823 coner
553 1789 631 1838 aque.

83 1847 170 1915 thue
184 1851 230 1899 viae
246 1847 329 1906 casus,
346 1859 374 1898 ut
385 1862 463 1896 amara
477 1845 584 1913 pericula
597 1843 687 1911 ponti,
782 1841 786 1846 ’

122 1922 159 1971 Ut
174 1933 268 1971 taceam
284 1920 371 1971 stritias
387 1920 411 1969 in
425 1934 478 1969 mea
492 1919 542 1969 fara
556 1934 660 1976 mauus3
807 1928 843 1986 30

85 1995 192 2047 Barbara
208 2012 247 2045 me
260 1994 351 2052 tellus,
365 1993 478 2058 orbisque
492 1992 620 2043 novissima
635 1988 717 2059 magui

122 2066 228 2118 Sustinet
244 2084 253 2126 3
270 2066 296 2117 ὃ(
313 2066 377 2117 saevo
392 2066 481 2115 cinstus
498 2064 528 2116 ab
544 2064 611 2115 huuc
627 2066 707 2115 iocus.

83 2138 151 2191 Hinc
161 2158 209 2209 ego
219 2138 360 2207 trajiceret,
370 2156 448 2207 neque
458 2138 522 2189 enim
532 2154 586 2190 mea
597 2140 668 2203 culpa
678 2147 780 2188 cruenta
789 2135 823 2186 est
833 2168 842 2195 ,

123 2213 205 2273 Effet,
226 2231 278 2281 quae
296 2214 369 2263 debet
382 2246 389 2273 ,
404 2212 425 2263 si
440 2211 485 2262 tibi
499 2228 557 2265 ctua
572 2211 629 2260 mei.
709 2278 712 2281 ,
828 2220 834 2229 ·

83 2286 131 2338 Ille
146 2287 236 2346 Deus,
252 2290 316 2339 bene
331 2302 380 2352 quo
396 2285 504 2338 Romana
521 2284 632 2349 potentia
645 2281 700 2333 nixa
715 2281 786 2341 est,‘
807 2294 839 2346 35
914 2306 917 2311 -

108 2361 194 2427 ¹Saepe
212 2361 255 2411 suo
271 2360 349 2410 vistor
365 2359 426 2409 lenis
443 2358 468 2407 in
484 2356 551 2407 hoste
567 2356 623 2407 fuit.

84 2430 153 2497 Quid
170 2434 263 2484 dubitas
274 2430 285 2483 ἓ
295 2433 353 2500 quid
363 2444 414 2482 tuta
425 2431 496 2481 times
507 2430 520 2479 ἒ
530 2430 636 2488 accede,
650 2444 769 2497 rugaque.

122 2506 218 2557 Caesare
236 2507 270 2557 nii
283 2506 369 2573 ingens
385 2506 464 2555 mitius
483 2503 549 2554 orbis
566 2505 649 2553 habet.

85 2578 131 2631 Me
140 2580 265 2630 miserum!
277 2579 333 2645 quid
342 2596 425 2647 agam,
439 2578 460 2629 si
468 2577 577 2643 proxima
585 2592 687 2646 querque
695 2569 856 2642 relinquunt?

121 2653 247 2703 subtrahis
263 2650 360 2703 effracto
376 2664 403 2702 tu
422 2667 520 2717 quoque
536 2651 599 2702 coila
616 2647 695 2717 jugo?
804 2661 840 2709 40

83 2722 144 2789 Quo
161 2723 247 2775 ferar?
265 2726 329 2775 unde
347 2736 428 2791 petam
445 2724 517 2790 lapsis
534 2722 619 2774 solatia
637 2719 732 2773 rebus?

120 2797 220 2848 Ancora
234 2797 282 2864 jam
296 2798 397 2848 nostram
412 2814 462 2847 non
477 2808 548 2847 tenet
562 2797 612 2846 ulla
625 2808 711 2849 ratem.

84 2870 185 2923 Viderit
201 2876 210 2921 ἐ
225 2872 274 2936 ipse
292 2871 395 2930 sacram,
412 2870 519 2938 quamvis
535 2869 641 2927 invisus,
656 2869 687 2917 ad
703 2884 768 2919 aram

122 2942 269 3015 Coniugiam
286 2960 293 2997 t
309 2944 388 2997 nullas
406 2944 531 3008 submoyet
545 2959 586 2995 ara
601 2958 712 3065 maurusi.
725 3012 731 3024 .

724 3030 749 3064 ιν
