1975 3700
203 247 254 320 42
297 227 338 293 P.
367 227 560 298 Orruit
585 212 820 298 NAsonrr

140 399 145 402 .
203 351 248 399 lllrl
261 349 408 400 famarefert
419 350 506 400 Fabios
518 347 590 398 ealle
601 359 737 398 trecentos.
808 351 812 357 ”

241 422 313 472 Porta
324 435 394 472 vacat
406 422 476 488 culpi
487 455 495 479 ‚
514 422 555 470 led
564 434 646 472 tamen
656 437 729 470 omen
743 422 829 475 habet.

143 507 175 541 20
180 505 191 556 5
205 495 241 545 Ut
252 497 329 545 celeri
341 495 403 560 pallu
419 495 561 545 Cremeram
568 495 675 561 tetigere
685 511 797 561 rapacem
808 513 819 554 ς
881 536 885 541 .

243 567 254 633 (
264 570 386 620 Turbidus
397 570 503 618 hibernis
512 570 554 618 ille
564 569 655 618 fluebat
665 569 733 633 aquis
745 585 754 626 ;
764 571 776 636 )

206 640 288 692 Castra
300 645 357 692 loco
369 655 479 708 ponunt:
494 641 607 691 destridlis
618 643 734 699 ensibus,
748 643 794 709 ipsi

169 771 182 776 ,
242 715 396 784 Tyrrhenum
407 717 487 765 valido
499 714 581 765 Marte
591 731 637 780 per
647 731 734 782 agmen
748 728 823 767 eunt:

203 789 261 838 Non
271 791 341 839 aliter
354 823 361 849 ,
380 793 448 855 quim
460 787 515 838 crim
526 788 658 856 Libyca-de
670 805 730 854 rupe
741 791 828 839 leones

142 876 192 909 210
239 863 359 913 Invadunt
372 863 462 929 sparsos
474 863 522 911 lata
532 879 577 927 per
586 878 644 912 arva
656 879 753 928 greges.

201 935 338 1004 Diffugiunt
348 936 426 986 hostes
439 971 446 995 ,
465 934 637 1002 inhonestaque
647 937 750 984 vulnera
758 949 832 1004 tergo

239 1010 371 1078 Accipiunt-
382 1027 389 1062 :
401 1011 500 1059 Tltusco
511 1009 623 1076 sangiune
633 1021 698 1058 terra
707 1004 790 1058 rubet.

202 1083 241 1132 Sic
253 1085 357 1142 iterum,
375 1085 409 1134 sic
421 1085 483 1148 saepe
494 1083 592 1133 cadunt.
606 1083 656 1132 Ubi
665 1083 766 1133 vincere
778 1081 867 1149 apertl

238 1158 297 1206 Non
310 1159 378 1206 datur
390 1191 397 1214 ‚
416 1157 515 1205 insidias
525 1171 640 1222 armaque
651 1171 716 1204 caeca
726 1169 822 1221 parant.

141 1239 196 1287 215,
205 1227 310 1294 Campus
321 1242 372 1280 erat
385 1246 392 1280 ι
405 1231 481 1296 campi
492 1230 636 1278 claudebant
646 1230 730 1278 ultima
740 1232 818 1279 colles
830 1263 840 1289 ,

238 1304 351 1369 Silvaque
361 1315 486 1352 montanas
500 1304 615 1352 occulere
626 1316 683 1368 apta
692 1303 765 1353 letas.

201 1375 229 1424 ln
240 1377 321 1426 medio
330 1393 421 1442 paucos
434 1411 441 1435 ‚
459 1388 614 1441 armentaque
624 1393 698 1433 rara,
714 1377 857 1442 relinquunt
869 1394 879 1436 ς
980 1406 981 1417 ¹

239 1449 329 1499 Cetera
342 1450 452 1518 virgultis
464 1450 544 1499 abdita
559 1451 628 1499 turba
642 1450 712 1498 latet.

199 1521 265 1572 Ecce
277 1555 285 1580 ,
299 1524 367 1572 velut
377 1535 473 1574 torrens
482 1522 554 1571 undis
563 1523 707 1587 pluvialibus
718 1523 800 1573 aulius
811 1557 820 1581 ,

141 1609 191 1644 220
241 1596 291 1645 Aut
304 1598 378 1654 nive,
395 1611 448 1662 quae
460 1594 578 1662 Zephyro
587 1595 649 1644 vitia
659 1607 761 1660 tepente
771 1597 843 1654 uuit,
892 1656 898 1664 ,

201 1666 248 1717 Per
260 1669 308 1718 sata
318 1685 410 1736 perque
420 1670 470 1718 vias
482 1669 561 1718 fertur
571 1685 580 1726 3
595 1682 661 1725 nec,
675 1681 704 1718 ut
714 1682 771 1719 aure
781 1669 879 1720 solebat
890 1705 901 1730 ,

150 1795 154 1802 ,
236 1743 349 1814 Riparum
364 1743 453 1793 clausas
463 1743 570 1808 margine
581 1741 636 1790 finit
645 1757 719 1807 aquas
732 1759 745 1799 ;·
787 1759 792 1766 ’

200 1816 240 1867 Sic
251 1816 317 1867 Fabii
328 1818 382 1867 latis
391 1817 480 1866 vallem
494 1815 639 1865 discursibus
648 1815 749 1881 implent
760 1831 769 1875 ς

238 1889 357 1955 Quosque
368 1890 467 1947 vident,
479 1889 594 1954 spernunt
604 1903 612 1938 a
622 1905 668 1938 nec
678 1901 757 1938 metus
768 1890 831 1939 alter
841 1888 920 1941 inell.

140 1976 189 2024 225
204 1961 261 2025 Qud
272 1963 359 2021 ruitis,
374 1961 490 2029 generosa
502 1959 608 2011 domus?
623 1960 687 2011 male
698 1962 805 2013 creditur
815 1964 891 2015 belli.

236 2037 342 2102 Simplex
353 2036 467 2086 nobilitas
479 2068 487 2093 ,
502 2034 594 2101 perfida
604 2036 654 2084 tela
665 2051 737 2085 cave.

198 2110 217 2161 F
219 2110 292 2159 raude
303 2109 366 2173 perit
375 2110 452 2159 virtus
466 2126 473 2160 ε
487 2110 511 2157 in
524 2120 623 2173 apertos
632 2109 738 2174 undiquc
750 2122 849 2174 campos

237 2182 370 2232 Prosiliunt‘
378 2182 457 2233 hostes
469 2216 476 2240 ,
496 2182 522 2231 dl
534 2183 597 2231 latus
610 2197 682 2231 omne
693 2193 790 2231 tenent.

201 2254 268 2319 Quid
279 2256 367 2316 faciant
379 2257 449 2323 pauci
463 2268 548 2305 contra
561 2267 601 2304 tot
612 2254 685 2303 millia
698 2252 801 2305 fortes?

139 2342 189 2392 230
239 2329 355 2391 Quidve,
371 2330 436 2394 quod
445 2330 469 2377 ln
479 2329 565 2377 misero
576 2341 688 2393 ternpore
696 2326 787 2388 restet,
800 2328 920 2381 habente

200 2403 268 2452 Sicut
283 2419 341 2468 aper
352 2404 420 2452 silvis
431 2400 504 2469 longe
516 2401 676 2451 Laurentibus
687 2400 753 2450 ailus

235 2474 361 2525 Fulmineo
372 2478 465 2525 celeres
476 2474 576 2540 dissipat
589 2490 632 2524 ore
643 2490 715 2524 canes
727 2506 736 2532 ‚

199 2547 262 2598 lllox
274 2560 355 2598 tamen
368 2547 417 2614 ipse
429 2548 492 2613 perit
505 2565 512 2600 r
527 2549 562 2599 sic
572 2564 622 2597 uon
636 2548 771 2597 moriuntur
783 2546 875 2608 inulti,

235 2623 393 2688 Vulneraque
408 2621 500 2671 alterni
514 2623 621 2688 dantque
633 2622 763 2686 feruntque
775 2636 856 2674 mauu.

139 2707 187 2758 235
201 2694 255 2745 Una
269 2695 319 2745 dies
330 2696 419 2747 Fabios
431 2697 461 2745 ad
477 2698 567 2746 bellom
577 2694 674 2744 miserat
684 2709 769 2744 omnes
780 2710 790 2753 ς

236 2768 275 2817 Ad
285 2770 375 2819 bellum
385 2770 463 2820 milior
474 2770 579 2835 perdidit
590 2764 638 2817 urla
648 2765 710 2819 dies.

200 2842 235 2893 Ut
246 2854 327 2892 tamen
338 2843 467 2894 Herculea
478 2841 624 2909 supereffent
634 2841 722 2891 semina
736 2838 835 2909 gentis,

237 2914 361 2983 Credibile
373 2916 405 2967 ell
415 2918 478 2982 ipsos
489 2914 630 2971 consuluiffe
641 2913 721 2967 Deos.
