1975 3700
138 237 283 304 ΕΜΓ.
309 249 368 300 EX
391 232 535 301 Porro
563 231 602 301 L.
629 233 698 300 III.
727 251 746 328 3
754 255 805 329 37
863 217 868 226 ¹

91 356 147 406 Cur
163 353 254 420 aliquid
273 351 304 400 de
320 367 358 400 me
375 351 468 417 speravi
484 351 564 401 lenius
580 350 716 417 umquam?

131 430 169 476 An
186 427 293 478 Fortuna
307 425 363 473 mihi
378 425 414 474 sic
429 441 482 474 mee
499 435 558 474 nota
574 423 643 490 suit?
747 448 749 453 ·

90 501 224 565 Torqueor
240 513 272 548 en
287 497 404 564 grauun
421 498 576 563 repetitaque
593 497 670 546 forma
687 499 799 550 lotorum

131 573 247 623 Exsilium
262 582 364 620 renovat
377 570 462 628 trisse,
478 585 614 637 recensque
628 569 696 619 sarit.
751 591 753 596 ,

92 647 133 698 Est
149 658 230 695 tamen
245 643 347 701 utilius,
365 642 464 693 studium
479 642 572 694 cessasse
588 659 716 701 meorum,
817 657 849 710 35

131 717 230 784 Quim,
249 733 306 782 quas
325 715 463 774 admdrint‚
485 733 534 764 non
551 715 646 765 valuisse
665 732 761 782 preces.

94 793 186 860 Magna
201 790 298 856 quidem
314 805 353 838 res
368 789 420 849 esi,
438 805 507 855 quam
524 805 573 838 non
590 790 684 839 audetis
697 823 704 848 ‚
721 791 814 844 amici:

131 865 181 915 Sed
195 865 216 913 si
234 862 286 929 quis
301 873 417 928 peteret,
435 863 476 928 qui
491 863 548 911 dare
563 863 658 920 vellet,
675 875 737 913 erat.

95 937 235 991 Dummodo
252 951 302 984 non
318 935 388 985 vobis
404 937 453 984 hoc
467 934 569 985 Caesaris
585 934 620 984 ira
636 935 752 1003 negdrit,

131 1009 239 1063 Fortiter
254 1006 355 1060 Euxinis
369 1009 532 1059 inmoriemur
547 1008 624 1074 a'quis.
816 1025 853 1072 4ο

157 1117 805 1192 ςππᾘμπᾍς.

217 1237 562 1326 ΕΡιετριΑ
603 1236 749 1302 v111.

342 1359 635 1421 MAxrno

172 1531 221 1570 om
233 1516 279 1570 ribi
290 1550 299 1576 ,
311 1519 467 1588 querebam,
481 1531 615 1567 memorem
627 1515 737 1568 restantia
751 1533 831 1570 euram
844 1553 853 1579 ‚

170 1593 246 1642 Dona
260 1593 403 1644 Tomitanus
418 1591 515 1640 mittere
531 1589 608 1656 posset
624 1607 691 1658 ager.

97 1665 196 1733 Dignus
211 1682 238 1716 es
251 1680 375 1734 argento,
392 1665 460 1715 fulvo
474 1679 572 1730 quoque
587 1664 682 1731 dignior
696 1679 775 1718 euro:

136 1738 186 1788 Sed
198 1750 243 1795 te,
262 1739 317 1790 edm
331 1740 427 1794 donas,
443 1736 486 1787 isse
500 1735 585 1802 juvare
602 1736 690 1787 solent.

97 1812 153 1862 Nec
166 1823 249 1863 tamen
263 1813 315 1864 hrec
330 1813 385 1863 loca
399 1811 454 1863 sunt
467 1811 519 1861 ullo
536 1809 640 1876 pretiosa
655 1811 775 1863 metello:
820 1825 834 1877 5

136 1884 218 1935 Hostis
232 1886 263 1935 ab
277 1885 385 1954 agricosa
400 1878 514 1935 vix'sinir
530 1884 571 1933 illa
582 1884 649 1934 sodi.

98 1957 208 2023 Purpura
223 1958 286 2025 saepe
300 1972 358 2009 tuos
370 1959 465 2025 sulgens
478 1957 590 2020 praetexit
603 1956 722 2019 amisium

137 2032 187 2081 Sed
202 2048 252 2081 non
268 2031 400 2083 Sarmatici
415 2031 515 2098 tingitur
530 2030 572 2079 illa
587 2047 667 2081 manu.

15 2144 19 2151 .
98 2105 202 2158 Vellera
218 2105 278 2155 dura
291 2106 373 2156 serunt
387 2105 515 2171 pecudes,
534 2102 676 2166 &Palladis
692 2103 729 2155 uti
834 2121 840 2129 ¹

137 2176 200 2227 Arte
216 2177 353 2229 Tomitana
368 2194 419 2227 non
434 2177 540 2226 didicere
558 2192 641 2225 nurus.
822 2188 856 2230 ιο

99 2250 200 2300 Femina
214 2267 260 2316 pro
276 2252 331 2301 lana
347 2250 459 2302 Cerealia
473 2265 573 2299 munera
588 2248 694 2316 frangit,

138 2324 321 2390 suppositoque
337 2340 436 2392 gravem
450 2323 545 2373 vertice
562 2334 644 2388 portat
655 2339 755 2387 ¹aquom.

100 2397 160 2446 Non
174 2396 215 2445 hic
230 2398 363 2464 pampineis
380 2396 491 2447 amicitur
506 2396 595 2446 vitibus
611 2397 711 2447 ulmus:

138 2470 213 2519 Nulla
228 2482 340 2535 premunt
354 2486 434 2521 ramos
448 2470 558 2536 pondere
573 2486 644 2535 poma
661 2468 713 2519 suo.

100 2542 189 2594 Tristia
204 2543 327 2593 deformes
342 2544 437 2608 pariunt
453 2541 568 2592 absinthia
586 2542 683 2609 campi,
824 2554 855 2607 15

139 2614 266 2682 Terraque
283 2618 313 2665 de
329 2617 424 2674 frusiu,
443 2617 513 2679 quim
529 2616 561 2664 sit
574 2631 654 2665 amara
664 2624 675 2674 ,“
692 2614 775 2683 dotet.

101 2688 146 2738 Nil
162 2688 238 2755 igitur
251 2689 305 2739 toti
320 2688 392 2739 Ponti
408 2689 509 2754 regione
526 2687 629 2746 sinistri,

140 2760 216 2823 Quod
230 2778 287 2812 ‘mea
300 2762 413 2812 sedulitas
426 2762 523 2810 mittere
540 2760 635 2825 posset,
652 2772 713 2811 erat.

12 2849 13 2866 ¹
102 2832 193 2883 Clausa
208 2846 292 2885 tamen
305 2835 357 2884 misi
373 2834 490 2901 Scythici
505 2834 548 2883 tibi
560 2835 609 2883 tela
624 2832 756 2899 pharetris:

138 2906 216 2958 Hoste
231 2900 320 2973 precor
335 2906 394 2959 siant
408 2908 449 2958 illa
463 2920 563 2959 eruenta
579 2918 633 2959 tuo.
821 2920 859 2959 20
887 2936 889 2939 ·

167 2979 253 3034 Tamna
270 2980 341 3038 111.
749 2976 769 3031 P
