<?xml version="1.0" encoding="UTF-8"?>
<!DOCTYPE html PUBLIC "-//W3C//DTD XHTML 1.0 Transitional//EN"
    "http://www.w3.org/TR/xhtml1/DTD/xhtml1-transitional.dtd">
<html xmlns="http://www.w3.org/1999/xhtml" xml:lang="en" lang="en">
 <head>
  <title>
</title>
<meta http-equiv="Content-Type" content="text/html;charset=utf-8" />
  <meta name='ocr-system' content='tesseract 3.04.00' />
  <meta name='ocr-capabilities' content='ocr_page ocr_carea ocr_par ocr_line ocrx_word'/>
</head>
<body>
  <div class='ocr_page' id='page_1' title='image "./povidiinasoniso00unkngoog_0133.png"; bbox 0 0 1975 3700; ppageno 0'>
   <div class='ocr_carea' id='block_1_1' title="bbox 167 228 799 326">
    <p class='ocr_par' dir='ltr' id='par_1_1' title="bbox 167 228 799 326">
     <span class='ocr_line' id='line_1_1' title="bbox 167 228 799 326; baseline 0.002 -25"><span class='ocrx_word' id='word_1_1' title='bbox 167 251 243 326; x_wconf 79' lang='lat'>130</span> <span class='ocrx_word' id='word_1_2' title='bbox 280 229 324 300; x_wconf 87' lang='lat' dir='ltr'>P.</span> <span class='ocrx_word' id='word_1_3' title='bbox 352 228 542 300; x_wconf 73' lang='lat' dir='ltr'>Orrnrr</span> <span class='ocrx_word' id='word_1_4' title='bbox 566 231 799 302; x_wconf 62' lang='lat' dir='ltr'>Nasonis</span> 
     </span>
    </p>
   </div>
   <div class='ocr_carea' id='block_1_2' title="bbox 164 349 982 418">
    <p class='ocr_par' dir='ltr' id='par_1_2' title="bbox 164 349 982 418">
     <span class='ocr_line' id='line_1_2' title="bbox 164 349 982 418; baseline 0.005 -17"><span class='ocrx_word' id='word_1_5' title='bbox 164 350 208 403; x_wconf 83' lang='lat' dir='ltr'>PL</span> <span class='ocrx_word' id='word_1_6' title='bbox 217 349 371 404; x_wconf 76' lang='lat' dir='ltr'>EJADAs</span> <span class='ocrx_word' id='word_1_7' title='bbox 382 349 499 416; x_wconf 80' lang='lat' dir='ltr'>adspicies</span> <span class='ocrx_word' id='word_1_8' title='bbox 510 363 613 407; x_wconf 82' lang='lat' dir='ltr'>ornnes,</span> <span class='ocrx_word' id='word_1_9' title='bbox 627 361 756 418; x_wconf 85' lang='lat' dir='ltr'>totumque</span> <span class='ocrx_word' id='word_1_10' title='bbox 768 353 893 404; x_wconf 82' lang='lat' dir='ltr'>sotorum</span> <span class='ocrx_word' id='word_1_11' title='bbox 981 396 982 405; x_wconf 68' lang='grc'>,</span> 
     </span>
    </p>
   </div>
   <div class='ocr_carea' id='block_1_3' title="bbox 57 422 897 2913">
    <p class='ocr_par' dir='ltr' id='par_1_3' title="bbox 57 422 897 2913">
     <span class='ocr_line' id='line_1_3' title="bbox 102 422 806 493; baseline 0 -17"><span class='ocrx_word' id='word_1_12' title='bbox 102 425 155 476; x_wconf 78' lang='lat'>⁶00</span> <span class='ocrx_word' id='word_1_13' title='bbox 203 423 316 493; x_wconf 79' lang='lat' dir='ltr'>Agmen,</span> <span class='ocrx_word' id='word_1_14' title='bbox 334 423 375 474; x_wconf 91' lang='lat' dir='ltr'>ubi</span> <span class='ocrx_word' id='word_1_15' title='bbox 389 436 446 474; x_wconf 89' lang='lat' dir='ltr'>ante</span> <span class='ocrx_word' id='word_1_16' title='bbox 463 423 520 474; x_wconf 85' lang='lat' dir='ltr'>idus</span> <span class='ocrx_word' id='word_1_17' title='bbox 533 438 584 472; x_wconf 80' lang='lat' dir='ltr'>nox</span> <span class='ocrx_word' id='word_1_18' title='bbox 598 422 645 472; x_wconf 86' lang='lat' dir='ltr'>erit</span> <span class='ocrx_word' id='word_1_19' title='bbox 661 441 709 474; x_wconf 89' lang='lat' dir='ltr'>una</span> <span class='ocrx_word' id='word_1_20' title='bbox 725 424 806 490; x_wconf 86' lang='lat' dir='ltr'>super.</span> 
     </span>
     <span class='ocr_line' id='line_1_4' title="bbox 164 495 817 563; baseline 0.002 -15"><span class='ocrx_word' id='word_1_21' title='bbox 164 499 229 548; x_wconf 87' lang='lat' dir='ltr'>Tum</span> <span class='ocrx_word' id='word_1_22' title='bbox 243 498 302 548; x_wconf 88' lang='lat' dir='ltr'>mihi</span> <span class='ocrx_word' id='word_1_23' title='bbox 316 513 365 548; x_wconf 87' lang='lat' dir='ltr'>non</span> <span class='ocrx_word' id='word_1_24' title='bbox 382 496 459 548; x_wconf 85' lang='lat' dir='ltr'>dubiis</span> <span class='ocrx_word' id='word_1_25' title='bbox 475 495 612 546; x_wconf 68' lang='lat' dir='ltr'>austoribus</span> <span class='ocrx_word' id='word_1_26' title='bbox 628 495 714 563; x_wconf 84' lang='lat' dir='ltr'>incipit</span> <span class='ocrx_word' id='word_1_27' title='bbox 729 497 817 559; x_wconf 80' lang='lat' dir='ltr'>aestas,</span> 
     </span>
     <span class='ocr_line' id='line_1_5' title="bbox 203 569 739 638; baseline -0.004 -16"><span class='ocrx_word' id='word_1_28' title='bbox 203 571 235 622; x_wconf 85' lang='lat' dir='ltr'>Et</span> <span class='ocrx_word' id='word_1_29' title='bbox 250 571 326 638; x_wconf 87' lang='lat' dir='ltr'>tepidi</span> <span class='ocrx_word' id='word_1_30' title='bbox 342 569 414 620; x_wconf 82' lang='lat' dir='ltr'>finem</span> <span class='ocrx_word' id='word_1_31' title='bbox 432 582 544 636; x_wconf 84' lang='lat' dir='ltr'>tempora</span> <span class='ocrx_word' id='word_1_32' title='bbox 559 569 624 619; x_wconf 78' lang='lat' dir='ltr'>veris</span> <span class='ocrx_word' id='word_1_33' title='bbox 638 570 739 621; x_wconf 84' lang='lat' dir='ltr'>habent.</span> 
     </span>
     <span class='ocr_line' id='line_1_6' title="bbox 57 642 819 709; baseline 0 -15"><span class='ocrx_word' id='word_1_34' title='bbox 57 659 67 682; x_wconf 71' lang='lat'><em>⁶</em></span> <span class='ocrx_word' id='word_1_35' title='bbox 166 645 209 694; x_wconf 87' lang='lat' dir='ltr'>ID</span> <span class='ocrx_word' id='word_1_36' title='bbox 219 644 308 698; x_wconf 78' lang='lat' dir='ltr'>tuus</span> <span class='ocrx_word' id='word_1_37' title='bbox 328 660 370 694; x_wconf 88' lang='lat' dir='ltr'>ora</span> <span class='ocrx_word' id='word_1_38' title='bbox 386 643 454 709; x_wconf 87' lang='lat' dir='ltr'>prior</span> <span class='ocrx_word' id='word_1_39' title='bbox 470 642 586 694; x_wconf 84' lang='lat' dir='ltr'>stellantia</span> <span class='ocrx_word' id='word_1_40' title='bbox 600 643 690 692; x_wconf 84' lang='lat' dir='ltr'>toliere</span> <span class='ocrx_word' id='word_1_41' title='bbox 705 644 819 694; x_wconf 83' lang='lat' dir='ltr'>Taurum</span> 
     </span>
     <span class='ocr_line' id='line_1_7' title="bbox 203 715 729 784; baseline -0.006 -15"><span class='ocrx_word' id='word_1_42' title='bbox 203 718 295 769; x_wconf 81' lang='lat' dir='ltr'>indicat</span> <span class='ocrx_word' id='word_1_43' title='bbox 307 715 382 768; x_wconf 83' lang='lat' dir='ltr'>:huic</span> <span class='ocrx_word' id='word_1_44' title='bbox 398 716 467 784; x_wconf 79' lang='lat' dir='ltr'>signo</span> <span class='ocrx_word' id='word_1_45' title='bbox 479 717 560 766; x_wconf 82' lang='lat' dir='ltr'>fabula</span> <span class='ocrx_word' id='word_1_46' title='bbox 572 729 631 766; x_wconf 87' lang='lat' dir='ltr'>nota</span> <span class='ocrx_word' id='word_1_47' title='bbox 643 716 729 766; x_wconf 83' lang='lat' dir='ltr'>subest.</span> 
     </span>
     <span class='ocr_line' id='line_1_8' title="bbox 104 789 813 858; baseline 0.001 -16"><span class='ocrx_word' id='word_1_48' title='bbox 104 792 138 844; x_wconf 83' lang='lat'>60</span> <span class='ocrx_word' id='word_1_49' title='bbox 143 808 154 855; x_wconf 82' lang='lat'>5</span> <span class='ocrx_word' id='word_1_50' title='bbox 169 789 292 850; x_wconf 76' lang='lat' dir='ltr'>Praebuit,</span> <span class='ocrx_word' id='word_1_51' title='bbox 309 802 337 842; x_wconf 91' lang='lat' dir='ltr'>ut</span> <span class='ocrx_word' id='word_1_52' title='bbox 351 802 433 840; x_wconf 82' lang='lat' dir='ltr'>taurus</span> <span class='ocrx_word' id='word_1_53' title='bbox 448 823 456 848; x_wconf 87' lang='lat'><strong>,</strong></span> <span class='ocrx_word' id='word_1_54' title='bbox 473 789 558 858; x_wconf 78' lang='lat' dir='ltr'>Tyriae</span> <span class='ocrx_word' id='word_1_55' title='bbox 575 789 615 839; x_wconf 82' lang='lat' dir='ltr'>sua</span> <span class='ocrx_word' id='word_1_56' title='bbox 629 801 699 858; x_wconf 79' lang='lat' dir='ltr'>terga</span> <span class='ocrx_word' id='word_1_57' title='bbox 715 791 813 856; x_wconf 69' lang='lat' dir='ltr'>puellae</span> 
     </span>
     <span class='ocr_line' id='line_1_9' title="bbox 202 862 748 932; baseline -0.007 -16"><span class='ocrx_word' id='word_1_58' title='bbox 202 864 332 932; x_wconf 77' lang='lat' dir='ltr'>Iuppiter,</span> <span class='ocrx_word' id='word_1_59' title='bbox 353 863 379 916; x_wconf 86' lang='lat'>&amp;</span> <span class='ocrx_word' id='word_1_60' title='bbox 394 862 454 914; x_wconf 75' lang='lat' dir='ltr'>falsa</span> <span class='ocrx_word' id='word_1_61' title='bbox 469 879 560 914; x_wconf 84' lang='lat' dir='ltr'>cornua</span> <span class='ocrx_word' id='word_1_62' title='bbox 573 863 656 913; x_wconf 76' lang='lat' dir='ltr'>fronte</span> <span class='ocrx_word' id='word_1_63' title='bbox 670 865 748 922; x_wconf 80' lang='lat' dir='ltr'>tulit3</span> 
     </span>
     <span class='ocr_line' id='line_1_10' title="bbox 167 935 774 1002; baseline 0.003 -16"><span class='ocrx_word' id='word_1_64' title='bbox 167 937 210 987; x_wconf 85' lang='lat' dir='ltr'>illa</span> <span class='ocrx_word' id='word_1_65' title='bbox 223 937 304 1002; x_wconf 84' lang='lat' dir='ltr'>jubam</span> <span class='ocrx_word' id='word_1_66' title='bbox 320 935 424 996; x_wconf 70' lang='lat' dir='ltr'>dextri,</span> <span class='ocrx_word' id='word_1_67' title='bbox 439 935 502 986; x_wconf 70' lang='lat' dir='ltr'>leva</span> <span class='ocrx_word' id='word_1_68' title='bbox 514 936 637 986; x_wconf 85' lang='lat' dir='ltr'>retinebat</span> <span class='ocrx_word' id='word_1_69' title='bbox 651 937 774 998; x_wconf 57' lang='lat' dir='ltr'>anitius}</span> 
     </span>
     <span class='ocr_line' id='line_1_11' title="bbox 204 1008 739 1077; baseline 0.004 -17"><span class='ocrx_word' id='word_1_70' title='bbox 204 1011 235 1062; x_wconf 89' lang='lat' dir='ltr'>Et</span> <span class='ocrx_word' id='word_1_71' title='bbox 251 1012 322 1062; x_wconf 88' lang='lat' dir='ltr'>timot</span> <span class='ocrx_word' id='word_1_72' title='bbox 338 1009 387 1077; x_wconf 83' lang='lat' dir='ltr'>ipse</span> <span class='ocrx_word' id='word_1_73' title='bbox 404 1010 463 1060; x_wconf 84' lang='lat' dir='ltr'>novi</span> <span class='ocrx_word' id='word_1_74' title='bbox 480 1009 549 1059; x_wconf 82' lang='lat' dir='ltr'>rausa</span> <span class='ocrx_word' id='word_1_75' title='bbox 562 1008 659 1060; x_wconf 82' lang='lat' dir='ltr'>decoris</span> <span class='ocrx_word' id='word_1_76' title='bbox 676 1023 739 1062; x_wconf 85' lang='lat' dir='ltr'>erat.</span> 
     </span>
     <span class='ocr_line' id='line_1_12' title="bbox 169 1075 824 1150; baseline 0.003 -16"><span class='ocrx_word' id='word_1_77' title='bbox 169 1084 234 1135; x_wconf 81' lang='lat' dir='ltr'>Aura</span> <span class='ocrx_word' id='word_1_78' title='bbox 249 1086 314 1136; x_wconf 86' lang='lat' dir='ltr'>sinus</span> <span class='ocrx_word' id='word_1_79' title='bbox 331 1085 415 1150; x_wconf 86' lang='lat' dir='ltr'>implet</span> <span class='ocrx_word' id='word_1_80' title='bbox 426 1099 434 1133; x_wconf 75' lang='lat' dir='ltr'><strong><em>z</em></strong></span> <span class='ocrx_word' id='word_1_81' title='bbox 445 1083 523 1133; x_wconf 79' lang='lat' dir='ltr'>ssavos</span> <span class='ocrx_word' id='word_1_82' title='bbox 535 1094 620 1132; x_wconf 82' lang='lat' dir='ltr'>movet</span> <span class='ocrx_word' id='word_1_83' title='bbox 632 1099 690 1132; x_wconf 89' lang='lat' dir='ltr'>aura</span> <span class='ocrx_word' id='word_1_84' title='bbox 706 1075 824 1150; x_wconf 73' lang='lat' dir='ltr'>capillus.</span> 
     </span>
     <span class='ocr_line' id='line_1_13' title="bbox 106 1154 705 1222; baseline -0.003 -14"><span class='ocrx_word' id='word_1_85' title='bbox 106 1155 158 1208; x_wconf 86' lang='lat'>610</span> <span class='ocrx_word' id='word_1_86' title='bbox 207 1158 307 1217; x_wconf 81' lang='lat' dir='ltr'>Sidoni,</span> <span class='ocrx_word' id='word_1_87' title='bbox 328 1157 363 1210; x_wconf 78' lang='lat' dir='ltr'>sic</span> <span class='ocrx_word' id='word_1_88' title='bbox 379 1157 459 1219; x_wconf 81' lang='lat' dir='ltr'>fueras</span> <span class='ocrx_word' id='word_1_89' title='bbox 475 1155 616 1222; x_wconf 86' lang='lat' dir='ltr'>accipienda</span> <span class='ocrx_word' id='word_1_90' title='bbox 631 1154 705 1207; x_wconf 80' lang='lat' dir='ltr'>Jovi..</span> 
     </span>
     <span class='ocr_line' id='line_1_14' title="bbox 169 1229 813 1298; baseline 0 -16"><span class='ocrx_word' id='word_1_91' title='bbox 169 1231 238 1296; x_wconf 80' lang='lat' dir='ltr'>Saepe</span> <span class='ocrx_word' id='word_1_92' title='bbox 253 1233 376 1298; x_wconf 82' lang='lat' dir='ltr'>puellares</span> <span class='ocrx_word' id='word_1_93' title='bbox 392 1229 503 1280; x_wconf 82' lang='lat' dir='ltr'>subduxit</span> <span class='ocrx_word' id='word_1_94' title='bbox 519 1231 550 1279; x_wconf 88' lang='lat' dir='ltr'>ab</span> <span class='ocrx_word' id='word_1_95' title='bbox 567 1245 666 1297; x_wconf 84' lang='lat' dir='ltr'>aequore</span> <span class='ocrx_word' id='word_1_96' title='bbox 685 1231 779 1296; x_wconf 82' lang='lat' dir='ltr'>plantas</span> <span class='ocrx_word' id='word_1_97' title='bbox 791 1263 813 1290; x_wconf 90' lang='lat'>,.</span> 
     </span>
     <span class='ocr_line' id='line_1_15' title="bbox 204 1302 667 1369; baseline -0.002 -15"><span class='ocrx_word' id='word_1_98' title='bbox 204 1305 236 1354; x_wconf 87' lang='lat' dir='ltr'>Et</span> <span class='ocrx_word' id='word_1_99' title='bbox 252 1305 339 1356; x_wconf 89' lang='lat' dir='ltr'>metuit</span> <span class='ocrx_word' id='word_1_100' title='bbox 354 1303 431 1354; x_wconf 73' lang='lat' dir='ltr'>tatius</span> <span class='ocrx_word' id='word_1_101' title='bbox 446 1302 574 1354; x_wconf 83' lang='lat' dir='ltr'>assilientis</span> <span class='ocrx_word' id='word_1_102' title='bbox 589 1320 667 1369; x_wconf 78' lang='lat' dir='ltr'>aquae.</span> 
     </span>
     <span class='ocr_line' id='line_1_16' title="bbox 169 1376 845 1445; baseline -0.001 -17"><span class='ocrx_word' id='word_1_103' title='bbox 169 1378 238 1443; x_wconf 79' lang='lat' dir='ltr'>Saepe</span> <span class='ocrx_word' id='word_1_104' title='bbox 257 1377 328 1428; x_wconf 86' lang='lat' dir='ltr'>Deus</span> <span class='ocrx_word' id='word_1_105' title='bbox 343 1376 449 1444; x_wconf 84' lang='lat' dir='ltr'>prudens</span> <span class='ocrx_word' id='word_1_106' title='bbox 465 1389 560 1445; x_wconf 86' lang='lat' dir='ltr'>tergum</span> <span class='ocrx_word' id='word_1_107' title='bbox 578 1376 683 1427; x_wconf 85' lang='lat' dir='ltr'>demittit</span> <span class='ocrx_word' id='word_1_108' title='bbox 700 1376 725 1427; x_wconf 86' lang='lat' dir='ltr'>in</span> <span class='ocrx_word' id='word_1_109' title='bbox 740 1377 819 1428; x_wconf 82' lang='lat' dir='ltr'>undas</span> <span class='ocrx_word' id='word_1_110' title='bbox 830 1410 845 1438; x_wconf 78' lang='lat'><em>,</em></span> 
     </span>
     <span class='ocr_line' id='line_1_17' title="bbox 204 1449 660 1502; baseline 0.002 -2"><span class='ocrx_word' id='word_1_111' title='bbox 204 1450 303 1500; x_wconf 77' lang='lat' dir='ltr'>Haereat</span> <span class='ocrx_word' id='word_1_112' title='bbox 319 1462 347 1502; x_wconf 85' lang='lat' dir='ltr'>ut</span> <span class='ocrx_word' id='word_1_113' title='bbox 364 1451 430 1500; x_wconf 87' lang='lat' dir='ltr'>collo</span> <span class='ocrx_word' id='word_1_114' title='bbox 445 1450 534 1500; x_wconf 80' lang='lat' dir='ltr'>fortius</span> <span class='ocrx_word' id='word_1_115' title='bbox 550 1449 592 1499; x_wconf 85' lang='lat' dir='ltr'>iila</span> <span class='ocrx_word' id='word_1_116' title='bbox 607 1449 660 1501; x_wconf 82' lang='lat' dir='ltr'>suo.</span> 
     </span>
     <span class='ocr_line' id='line_1_18' title="bbox 106 1521 754 1585; baseline 0.002 -12"><span class='ocrx_word' id='word_1_117' title='bbox 106 1521 156 1585; x_wconf 77' lang='lat'>615</span> <span class='ocrx_word' id='word_1_118' title='bbox 169 1523 291 1574; x_wconf 80' lang='lat' dir='ltr'>Litoribus</span> <span class='ocrx_word' id='word_1_119' title='bbox 305 1523 393 1582; x_wconf 70' lang='lat' dir='ltr'>tastis,</span> <span class='ocrx_word' id='word_1_120' title='bbox 410 1523 483 1574; x_wconf 84' lang='lat' dir='ltr'>stabat</span> <span class='ocrx_word' id='word_1_121' title='bbox 499 1524 552 1574; x_wconf 84' lang='lat' dir='ltr'>sine</span> <span class='ocrx_word' id='word_1_122' title='bbox 570 1522 683 1574; x_wconf 70' lang='lat' dir='ltr'>c&#39;ornibus</span> <span class='ocrx_word' id='word_1_123' title='bbox 697 1521 754 1574; x_wconf 79' lang='lat' dir='ltr'>ullis</span> 
     </span>
     <span class='ocr_line' id='line_1_19' title="bbox 204 1596 821 1664; baseline -0.003 -16"><span class='ocrx_word' id='word_1_124' title='bbox 204 1596 316 1664; x_wconf 85' lang='lat' dir='ltr'>Juppiter</span> <span class='ocrx_word' id='word_1_125' title='bbox 328 1613 335 1648; x_wconf 74' lang='grc' dir='ltr'><strong><em>ε</em></strong></span> <span class='ocrx_word' id='word_1_126' title='bbox 348 1597 421 1664; x_wconf 86' lang='lat' dir='ltr'>inque</span> <span class='ocrx_word' id='word_1_127' title='bbox 437 1597 520 1648; x_wconf 84' lang='lat' dir='ltr'>Deum</span> <span class='ocrx_word' id='word_1_128' title='bbox 535 1597 567 1646; x_wconf 88' lang='lat' dir='ltr'>de</span> <span class='ocrx_word' id='word_1_129' title='bbox 581 1597 646 1646; x_wconf 79' lang='lat' dir='ltr'>bove</span> <span class='ocrx_word' id='word_1_130' title='bbox 660 1597 743 1647; x_wconf 82' lang='lat' dir='ltr'>versus</span> <span class='ocrx_word' id='word_1_131' title='bbox 756 1609 821 1646; x_wconf 85' lang='lat' dir='ltr'>erat.</span> 
     </span>
     <span class='ocr_line' id='line_1_20' title="bbox 168 1666 888 1736; baseline 0.001 -17"><span class='ocrx_word' id='word_1_132' title='bbox 168 1670 264 1722; x_wconf 79' lang='lat' dir='ltr'>Taurus</span> <span class='ocrx_word' id='word_1_133' title='bbox 279 1671 324 1722; x_wconf 86' lang='lat' dir='ltr'>init</span> <span class='ocrx_word' id='word_1_134' title='bbox 341 1673 429 1722; x_wconf 85' lang='lat' dir='ltr'>coeium</span> <span class='ocrx_word' id='word_1_135' title='bbox 444 1682 509 1729; x_wconf 76' lang='lat' dir='ltr'>ate,</span> <span class='ocrx_word' id='word_1_136' title='bbox 528 1669 631 1728; x_wconf 83' lang='lat' dir='ltr'>Sidoni,</span> <span class='ocrx_word' id='word_1_137' title='bbox 649 1666 761 1736; x_wconf 67' lang='lat' dir='ltr'>luppiter</span> <span class='ocrx_word' id='word_1_138' title='bbox 774 1670 888 1736; x_wconf 84' lang='lat' dir='ltr'>implet;</span> 
     </span>
     <span class='ocr_line' id='line_1_21' title="bbox 85 1736 886 1812; baseline -0.004 -18"><span class='ocrx_word' id='word_1_139' title='bbox 85 1736 88 1744; x_wconf 85' lang='grc'><strong>’</strong></span> <span class='ocrx_word' id='word_1_140' title='bbox 205 1743 311 1812; x_wconf 82' lang='lat' dir='ltr'>Parsque</span> <span class='ocrx_word' id='word_1_141' title='bbox 326 1757 394 1796; x_wconf 84' lang='lat' dir='ltr'>tuurn</span> <span class='ocrx_word' id='word_1_142' title='bbox 411 1756 484 1795; x_wconf 82' lang='lat' dir='ltr'>terrae</span> <span class='ocrx_word' id='word_1_143' title='bbox 501 1743 573 1794; x_wconf 87' lang='lat' dir='ltr'>tertia</span> <span class='ocrx_word' id='word_1_144' title='bbox 589 1759 679 1792; x_wconf 86' lang='lat' dir='ltr'>nornen</span> <span class='ocrx_word' id='word_1_145' title='bbox 695 1744 778 1793; x_wconf 87' lang='lat' dir='ltr'>habet.</span> <span class='ocrx_word' id='word_1_146' title='bbox 883 1781 886 1785; x_wconf 26' lang='lat' dir='ltr'><strong><em>J</em></strong></span> 
     </span>
     <span class='ocr_line' id='line_1_22' title="bbox 168 1816 783 1887; baseline -0.003 -18"><span class='ocrx_word' id='word_1_147' title='bbox 168 1817 224 1869; x_wconf 89' lang='lat' dir='ltr'>Hoc</span> <span class='ocrx_word' id='word_1_148' title='bbox 241 1819 281 1869; x_wconf 88' lang='lat' dir='ltr'>alii</span> <span class='ocrx_word' id='word_1_149' title='bbox 297 1819 390 1887; x_wconf 84' lang='lat' dir='ltr'>signum</span> <span class='ocrx_word' id='word_1_150' title='bbox 409 1816 517 1869; x_wconf 84' lang='lat' dir='ltr'>Phariam</span> <span class='ocrx_word' id='word_1_151' title='bbox 535 1817 618 1868; x_wconf 77' lang='lat' dir='ltr'>dixere</span> <span class='ocrx_word' id='word_1_152' title='bbox 634 1816 783 1884; x_wconf 67' lang='lat' dir='ltr'>juvencam</span> 
     </span>
     <span class='ocr_line' id='line_1_23' title="bbox 106 1890 844 1957; baseline -0.001 -17"><span class='ocrx_word' id='word_1_153' title='bbox 106 1890 159 1942; x_wconf 82' lang='lat'>620</span> <span class='ocrx_word' id='word_1_154' title='bbox 208 1892 271 1957; x_wconf 68' lang='lat' dir='ltr'>Qua</span> <span class='ocrx_word' id='word_1_155' title='bbox 285 1894 330 1943; x_wconf 85' lang='lat' dir='ltr'>bos</span> <span class='ocrx_word' id='word_1_156' title='bbox 346 1908 377 1943; x_wconf 80' lang='lat' dir='ltr'>ex</span> <span class='ocrx_word' id='word_1_157' title='bbox 392 1891 490 1943; x_wconf 85' lang='lat' dir='ltr'>homine</span> <span class='ocrx_word' id='word_1_158' title='bbox 506 1892 557 1949; x_wconf 78' lang='lat' dir='ltr'>est,</span> <span class='ocrx_word' id='word_1_159' title='bbox 576 1907 608 1941; x_wconf 79' lang='lat' dir='ltr'>ex</span> <span class='ocrx_word' id='word_1_160' title='bbox 621 1891 685 1941; x_wconf 85' lang='lat' dir='ltr'>bove</span> <span class='ocrx_word' id='word_1_161' title='bbox 699 1891 761 1941; x_wconf 67' lang='lat' dir='ltr'>fasta</span> <span class='ocrx_word' id='word_1_162' title='bbox 776 1891 844 1940; x_wconf 86' lang='lat' dir='ltr'>Dea.</span> 
     </span>
     <span class='ocr_line' id='line_1_24' title="bbox 167 1964 847 2033; baseline -0.003 -18"><span class='ocrx_word' id='word_1_163' title='bbox 167 1964 231 2015; x_wconf 85' lang='lat' dir='ltr'>Tum</span> <span class='ocrx_word' id='word_1_164' title='bbox 249 1982 346 2032; x_wconf 90' lang='lat' dir='ltr'>quoque</span> <span class='ocrx_word' id='word_1_165' title='bbox 360 1965 492 2033; x_wconf 85' lang='lat' dir='ltr'>priscorum</span> <span class='ocrx_word' id='word_1_166' title='bbox 507 1965 577 2033; x_wconf 81' lang='lat' dir='ltr'>virgo</span> <span class='ocrx_word' id='word_1_167' title='bbox 594 1965 719 2015; x_wconf 84' lang='lat' dir='ltr'>simulacra</span> <span class='ocrx_word' id='word_1_168' title='bbox 733 1964 847 2015; x_wconf 78' lang='lat' dir='ltr'>virorutn</span> 
     </span>
     <span class='ocr_line' id='line_1_25' title="bbox 204 2038 720 2105; baseline 0.002 -17"><span class='ocrx_word' id='word_1_169' title='bbox 204 2038 307 2089; x_wconf 86' lang='lat' dir='ltr'>Mittere</span> <span class='ocrx_word' id='word_1_170' title='bbox 326 2041 432 2089; x_wconf 85' lang='lat' dir='ltr'>roboreo</span> <span class='ocrx_word' id='word_1_171' title='bbox 449 2040 541 2105; x_wconf 83' lang='lat' dir='ltr'>scirpea</span> <span class='ocrx_word' id='word_1_172' title='bbox 556 2049 632 2105; x_wconf 86' lang='lat' dir='ltr'>ponte</span> <span class='ocrx_word' id='word_1_173' title='bbox 648 2038 720 2089; x_wconf 88' lang='lat' dir='ltr'>solet.</span> 
     </span>
     <span class='ocr_line' id='line_1_26' title="bbox 168 2111 797 2179; baseline 0 -18"><span class='ocrx_word' id='word_1_174' title='bbox 168 2111 278 2178; x_wconf 83' lang='lat' dir='ltr'>Corpora</span> <span class='ocrx_word' id='word_1_175' title='bbox 295 2112 350 2179; x_wconf 85' lang='lat' dir='ltr'>post</span> <span class='ocrx_word' id='word_1_176' title='bbox 362 2112 444 2163; x_wconf 87' lang='lat' dir='ltr'>decies</span> <span class='ocrx_word' id='word_1_177' title='bbox 459 2112 530 2163; x_wconf 81' lang='lat' dir='ltr'>senos</span> <span class='ocrx_word' id='word_1_178' title='bbox 544 2114 585 2178; x_wconf 88' lang='lat' dir='ltr'>qui</span> <span class='ocrx_word' id='word_1_179' title='bbox 601 2111 704 2162; x_wconf 85' lang='lat' dir='ltr'>credidit</span> <span class='ocrx_word' id='word_1_180' title='bbox 720 2126 797 2161; x_wconf 87' lang='lat' dir='ltr'>annos</span> 
     </span>
     <span class='ocr_line' id='line_1_27' title="bbox 204 2184 793 2245; baseline -0.007 -10"><span class='ocrx_word' id='word_1_181' title='bbox 204 2184 273 2236; x_wconf 75' lang='lat' dir='ltr'>Missa</span> <span class='ocrx_word' id='word_1_182' title='bbox 289 2186 363 2245; x_wconf 85' lang='lat' dir='ltr'>neci,</span> <span class='ocrx_word' id='word_1_183' title='bbox 383 2185 478 2237; x_wconf 76' lang='lat' dir='ltr'>sceleris</span> <span class='ocrx_word' id='word_1_184' title='bbox 494 2186 594 2235; x_wconf 85' lang='lat' dir='ltr'>crimine</span> <span class='ocrx_word' id='word_1_185' title='bbox 609 2186 706 2236; x_wconf 85' lang='lat' dir='ltr'>damnat</span> <span class='ocrx_word' id='word_1_186' title='bbox 720 2200 793 2235; x_wconf 80' lang='lat' dir='ltr'>avos..</span> 
     </span>
     <span class='ocr_line' id='line_1_28' title="bbox 106 2252 879 2321; baseline -0.003 -12"><span class='ocrx_word' id='word_1_187' title='bbox 106 2256 140 2309; x_wconf 75' lang='lat'>62</span> <span class='ocrx_word' id='word_1_188' title='bbox 145 2273 157 2321; x_wconf 84' lang='lat'><em>5</em></span> <span class='ocrx_word' id='word_1_189' title='bbox 172 2260 244 2309; x_wconf 86' lang='lat' dir='ltr'>Fama</span> <span class='ocrx_word' id='word_1_190' title='bbox 259 2272 331 2311; x_wconf 85' lang='lat' dir='ltr'>vetus</span> <span class='ocrx_word' id='word_1_191' title='bbox 345 2276 353 2311; x_wconf 75' lang='lat' dir='ltr'>t</span> <span class='ocrx_word' id='word_1_192' title='bbox 368 2271 426 2311; x_wconf 89' lang='lat' dir='ltr'>tunc</span> <span class='ocrx_word' id='word_1_193' title='bbox 444 2258 498 2309; x_wconf 77' lang='lat' dir='ltr'>cum</span> <span class='ocrx_word' id='word_1_194' title='bbox 513 2252 625 2311; x_wconf 86' lang='lat' dir='ltr'>Saturnia</span> <span class='ocrx_word' id='word_1_195' title='bbox 638 2271 704 2309; x_wconf 84' lang='lat' dir='ltr'>terra</span> <span class='ocrx_word' id='word_1_196' title='bbox 720 2269 807 2310; x_wconf 82' lang='lat' dir='ltr'>vocata</span> <span class='ocrx_word' id='word_1_197' title='bbox 824 2256 879 2318; x_wconf 69' lang='lat' dir='ltr'>est,</span> 
     </span>
     <span class='ocr_line' id='line_1_29' title="bbox 201 2332 617 2383; baseline 0.002 -2"><span class='ocrx_word' id='word_1_198' title='bbox 201 2332 272 2382; x_wconf 88' lang='lat' dir='ltr'>Talia</span> <span class='ocrx_word' id='word_1_199' title='bbox 288 2334 380 2383; x_wconf 84' lang='lat' dir='ltr'>fatidici</span> <span class='ocrx_word' id='word_1_200' title='bbox 396 2333 456 2383; x_wconf 72' lang='lat' dir='ltr'>dista</span> <span class='ocrx_word' id='word_1_201' title='bbox 471 2333 540 2382; x_wconf 87' lang='lat' dir='ltr'>fuere</span> <span class='ocrx_word' id='word_1_202' title='bbox 556 2333 617 2383; x_wconf 87' lang='lat' dir='ltr'>Dei.</span> 
     </span>
     <span class='ocr_line' id='line_1_30' title="bbox 167 2405 771 2474; baseline 0 -17"><span class='ocrx_word' id='word_1_203' title='bbox 167 2406 288 2457; x_wconf 86' lang='lat' dir='ltr'>Falcifero</span> <span class='ocrx_word' id='word_1_204' title='bbox 304 2406 376 2457; x_wconf 88' lang='lat' dir='ltr'>libata</span> <span class='ocrx_word' id='word_1_205' title='bbox 391 2406 442 2456; x_wconf 88' lang='lat' dir='ltr'>seni</span> <span class='ocrx_word' id='word_1_206' title='bbox 458 2405 508 2455; x_wconf 90' lang='lat' dir='ltr'>dun</span> <span class='ocrx_word' id='word_1_207' title='bbox 524 2420 647 2473; x_wconf 86' lang='lat' dir='ltr'>corpora,</span> <span class='ocrx_word' id='word_1_208' title='bbox 665 2416 771 2474; x_wconf 80' lang='lat' dir='ltr'>gentes,</span> 
     </span>
     <span class='ocr_line' id='line_1_31' title="bbox 202 2478 751 2547; baseline 0 -18"><span class='ocrx_word' id='word_1_209' title='bbox 202 2479 318 2537; x_wconf 81' lang='lat' dir='ltr'>Mittite3</span> <span class='ocrx_word' id='word_1_210' title='bbox 336 2497 389 2547; x_wconf 78' lang='lat' dir='ltr'>quae</span> <span class='ocrx_word' id='word_1_211' title='bbox 404 2478 488 2530; x_wconf 84' lang='lat' dir='ltr'>Tuscis</span> <span class='ocrx_word' id='word_1_212' title='bbox 507 2479 658 2545; x_wconf 82' lang='lat' dir='ltr'>excipiantur</span> <span class='ocrx_word' id='word_1_213' title='bbox 674 2480 751 2547; x_wconf 85' lang='lat' dir='ltr'>aquis.</span> 
     </span>
     <span class='ocr_line' id='line_1_32' title="bbox 165 2550 897 2619; baseline 0.001 -16"><span class='ocrx_word' id='word_1_214' title='bbox 165 2552 294 2603; x_wconf 87' lang='lat' dir='ltr'>Donecin</span> <span class='ocrx_word' id='word_1_215' title='bbox 310 2554 362 2603; x_wconf 86' lang='lat' dir='ltr'>haec</span> <span class='ocrx_word' id='word_1_216' title='bbox 375 2554 443 2604; x_wconf 80' lang='lat' dir='ltr'>venit</span> <span class='ocrx_word' id='word_1_217' title='bbox 459 2552 603 2619; x_wconf 79' lang='lat' dir='ltr'>Tirynthius</span> <span class='ocrx_word' id='word_1_218' title='bbox 621 2568 679 2602; x_wconf 81' lang='lat' dir='ltr'>arva</span> <span class='ocrx_word' id='word_1_219' title='bbox 691 2585 699 2612; x_wconf 92' lang='lat'>,</span> <span class='ocrx_word' id='word_1_220' title='bbox 713 2550 840 2619; x_wconf 83' lang='lat' dir='ltr'>quotannis</span> <span class='ocrx_word' id='word_1_221' title='bbox 893 2575 897 2581; x_wconf 87' lang='lat'>·</span> 
     </span>
     <span class='ocr_line' id='line_1_33' title="bbox 103 2625 720 2692; baseline 0.003 -17"><span class='ocrx_word' id='word_1_222' title='bbox 103 2626 156 2692; x_wconf 76' lang='lat'>630</span> <span class='ocrx_word' id='word_1_223' title='bbox 203 2625 289 2677; x_wconf 77' lang='lat' dir='ltr'>Tristia</span> <span class='ocrx_word' id='word_1_224' title='bbox 302 2625 425 2677; x_wconf 84' lang='lat' dir='ltr'>Leucadio</span> <span class='ocrx_word' id='word_1_225' title='bbox 438 2626 502 2677; x_wconf 76' lang='lat' dir='ltr'>sacra</span> <span class='ocrx_word' id='word_1_226' title='bbox 516 2626 612 2692; x_wconf 63' lang='lat' dir='ltr'>perasta</span> <span class='ocrx_word' id='word_1_227' title='bbox 627 2626 720 2677; x_wconf 83' lang='lat' dir='ltr'>modo:</span> 
     </span>
     <span class='ocr_line' id='line_1_34' title="bbox 79 2695 768 2767; baseline -0.004 -13"><span class='ocrx_word' id='word_1_228' title='bbox 79 2695 85 2701; x_wconf 67' lang='grc'><strong>’</strong></span> <span class='ocrx_word' id='word_1_229' title='bbox 166 2701 236 2754; x_wconf 77' lang='lat' dir='ltr'>tuum</span> <span class='ocrx_word' id='word_1_230' title='bbox 253 2700 391 2751; x_wconf 84' lang='lat' dir='ltr'>stramineos</span> <span class='ocrx_word' id='word_1_231' title='bbox 407 2700 532 2767; x_wconf 85' lang='lat' dir='ltr'>inaquam</span> <span class='ocrx_word' id='word_1_232' title='bbox 545 2699 632 2750; x_wconf 79' lang='lat' dir='ltr'>misiffe</span> <span class='ocrx_word' id='word_1_233' title='bbox 646 2698 768 2763; x_wconf 85' lang='lat' dir='ltr'>Quirites.</span> 
     </span>
     <span class='ocr_line' id='line_1_35' title="bbox 202 2771 712 2841; baseline -0.004 -18"><span class='ocrx_word' id='word_1_234' title='bbox 202 2773 316 2825; x_wconf 86' lang='lat' dir='ltr'>Herculis</span> <span class='ocrx_word' id='word_1_235' title='bbox 333 2775 445 2841; x_wconf 85' lang='lat' dir='ltr'>exemplo</span> <span class='ocrx_word' id='word_1_236' title='bbox 464 2788 568 2838; x_wconf 83' lang='lat' dir='ltr'>corpora</span> <span class='ocrx_word' id='word_1_237' title='bbox 582 2772 639 2838; x_wconf 80' lang='lat' dir='ltr'>falsa</span> <span class='ocrx_word' id='word_1_238' title='bbox 654 2771 712 2839; x_wconf 83' lang='lat' dir='ltr'>jaci.</span> 
     </span>
     <span class='ocr_line' id='line_1_36' title="bbox 165 2844 806 2913; baseline -0.002 -15"><span class='ocrx_word' id='word_1_239' title='bbox 165 2846 223 2899; x_wconf 80' lang='lat' dir='ltr'>Pars</span> <span class='ocrx_word' id='word_1_240' title='bbox 239 2858 327 2913; x_wconf 87' lang='lat' dir='ltr'>putat,</span> <span class='ocrx_word' id='word_1_241' title='bbox 348 2860 375 2897; x_wconf 89' lang='lat' dir='ltr'>ut</span> <span class='ocrx_word' id='word_1_242' title='bbox 390 2846 483 2898; x_wconf 81' lang='lat' dir='ltr'>ferrent</span> <span class='ocrx_word' id='word_1_243' title='bbox 496 2846 599 2911; x_wconf 77' lang='lat' dir='ltr'>juvenes</span> <span class='ocrx_word' id='word_1_244' title='bbox 613 2844 723 2913; x_wconf 80' lang='lat' dir='ltr'>suffragia</span> <span class='ocrx_word' id='word_1_245' title='bbox 739 2844 782 2899; x_wconf 84' lang='lat' dir='ltr'>suli</span> <span class='ocrx_word' id='word_1_246' title='bbox 792 2876 806 2907; x_wconf 67' lang='lat'>2.</span> 
     </span>
    </p>
   </div>
   <div class='ocr_carea' id='block_1_4' title="bbox 201 2917 709 2987">
    <p class='ocr_par' dir='ltr' id='par_1_4' title="bbox 201 2917 709 2987">
     <span class='ocr_line' id='line_1_37' title="bbox 201 2917 709 2987; baseline 0.008 -15"><span class='ocrx_word' id='word_1_247' title='bbox 201 2920 320 2975; x_wconf 20' lang='lat' dir='ltr'>Pontinus*</span> <span class='ocrx_word' id='word_1_248' title='bbox 334 2918 441 2975; x_wconf 75' lang='lat' dir='ltr'>infirmos</span> <span class='ocrx_word' id='word_1_249' title='bbox 455 2917 611 2987; x_wconf 71' lang='lat' dir='ltr'>praecipitate</span> <span class='ocrx_word' id='word_1_250' title='bbox 627 2919 709 2976; x_wconf 66' lang='lat' dir='ltr'>senes·</span> 
     </span>
    </p>
   </div>
   <div class='ocr_carea' id='block_1_5' title="bbox 0 0 1002 3700">
    <p class='ocr_par' dir='ltr' id='par_1_5' title="bbox 0 0 1002 3700">
     <span class='ocr_line' id='line_1_38' title="bbox 0 0 1002 3700; baseline 0 0"><span class='ocrx_word' id='word_1_251' title='bbox 0 0 1002 3700; x_wconf 95' lang='lat' dir='ltr'> </span> 
     </span>
    </p>
   </div>
  </div>
 </body>
</html>
