1975 3700
148 260 438 335 rrsrorrn
462 263 565 334 Lrn.
591 222 663 336 VI.
716 288 785 363 ¹51

73 386 142 438 Hinc
158 402 250 445 cruor,
267 384 323 435 hinc
341 383 441 442 cedes5
459 382 600 450 infirmaque
616 384 724 435 vincitur
736 400 806 439 aetas.

113 460 214 526 Sceptra
229 475 304 527 gener
321 459 406 509 socero
421 470 490 523 rapta
501 458 624 524 Superbus
639 458 723 510 babet.
797 458 851 510 600

72 534 128 599 ipsc
145 534 189 583 suo
205 532 333 599 Esquiliis,
353 532 395 581 ubi
414 542 466 582 erat
483 530 523 581 sua
540 531 627 598 regia,
644 532 718 583 casus

112 606 228 657 Concidit
242 608 266 655 in
282 607 340 656 duta
355 605 551 673 sanguinolentus
567 605 652 657 burno.
747 624 757 637 ·

71 682 154 739 Filia,
171 690 288 747 carpento
302 678 392 743 patrios
409 679 496 729 initura
510 689 634 744 penates,

111 754 165 803 ibat
178 770 221 820 per
235 752 327 803 medias
343 752 391 802 alta
407 752 527 819 feroxque
542 752 603 803 rias.

72 826 172 893 Corpus
186 837 214 877 ut
227 825 340 893 aspexit,
357 826 468 893 lacrymis
484 824 567 893 auriga
580 823 686 891 profusis
795 824 847 888 605

111 900 229 951 Restitit:
246 900 310 950 hunc
326 899 369 949 tali
386 898 487 964 corripit
503 899 544 947 illa
560 898 629 948 sono.

71 972 175 1027 Vadis?
191 990 222 1024 an
238 972 361 1039 exspectas
377 972 481 1038 pretium
497 971 596 1038 pietatis
612 969 741 1022 amarum?

111 1048 187 1107 Duc,
204 1047 317 1114 inquam,
337 1046 424 1095 invitas
441 1045 490 1111 ipsa
505 1061 550 1110 per
563 1060 607 1095 ora
621 1056 715 1101 rotas.¹

73 1122 151 1171 Certa
163 1118 224 1171 tides
239 1119 294 1171 fatti
309 1135 316 1171 r
333 1118 409 1169 diuus
423 1119 563 1169 Sceleratus
578 1120 610 1168 ab
624 1117 666 1167 illa

110 1194 207 1254 Vicus,
227 1194 254 1246 dt
267 1191 357 1245 aterni
371 1209 411 1243 res
425 1208 454 1243 ea
470 1190 547 1259 pressa
561 1191 629 1241 uoti.
795 1190 848 1242 610

71 1266 128 1318 Post
139 1279 220 1318 tamen
229 1268 278 1317 hoc
288 1266 342 1317 ausa
353 1265 387 1317 ert
396 1267 527 1333 templum,
538 1276 694 1315 monumenta
704 1266 810 1330 parentis
821 1300 832 1325 ,

109 1341 223 1409 Tangere
237 1357 245 1393 r
258 1340 317 1391 mira
333 1340 445 1407 quidem,
460 1339 502 1391 sed
516 1352 598 1389 tamen
613 1337 664 1387 asia
679 1338 774 1403 loquar.

70 1414 172 1482 Signum
188 1425 241 1465 erat
255 1415 280 1465 in
295 1414 356 1465 solio
374 1413 483 1464 residens
498 1411 540 1462 sub
554 1412 658 1479 imagine
673 1410 760 1471 Tulli,

110 1488 208 1537 Dicitur
224 1489 272 1537 hoc
288 1487 365 1537 oculis
381 1485 516 1553 opposuisse
533 1502 637 1535 manum.

70 1561 104 1611 Et
120 1577 169 1611 vox
186 1562 267 1611 audita
281 1561 332 1619 est,
352 1560 443 1611 Vultus
460 1558 601 1609 abscondite
616 1557 728 1618 nostros,
793 1556 845 1620 615

109 1636 148 1685 Ne
165 1645 228 1683 natae
243 1633 344 1683 videant
361 1649 403 1682 ora
419 1633 523 1682 nefanda
539 1648 609 1682 rneae.

68 1707 146 1761 vete
163 1706 218 1756 dati
233 1706 324 1773 tegitur
338 1720 346 1756 t
363 1717 431 1755 vetat
444 1706 507 1754 hanc
521 1706 629 1755 Fortuna
642 1704 757 1764 noveri;

108 1780 141 1830 Et
156 1779 192 1830 sic
210 1796 226 1828 e
240 1780 332 1845 templo
347 1777 380 1829 esi
397 1776 445 1843 ipsa
460 1779 543 1827 locuta
558 1777 609 1827 suo.

69 1855 126 1906 Ore
142 1854 253 1904 revelato
271 1853 317 1920 qud
331 1848 432 1919 primbrn
448 1852 503 1902 luce
520 1852 613 1918 patebit

108 1927 226 1985 Servius,
244 1927 298 1976 haec
313 1925 387 1992 positi
403 1925 478 1990 prima
494 1925 593 1990 pudoris
607 1923 664 1975 erit.
793 1920 847 1974 620

68 2000 189 2059 Parcite,
207 2012 342 2056 matronae,
359 1999 448 2049 vetitas
461 1999 585 2067 attingere
600 1997 699 2050 veslest

107 2073 225 2124 Sollemni
239 2073 294 2123 satis
311 2073 344 2124 est
356 2088 420 2123 voce
431 2087 533 2123 morere
547 2087 655 2138 preces;

68 2148 155 2212 Sitque
172 2158 244 2212 caput
259 2145 350 2212 semper
363 2145 474 2197 Romano
489 2145 566 2196 tesius
583 2144 689 2203 amitiu,

107 2219 158 2284 Qui
172 2219 227 2271 Rex
243 2221 268 2269 in
285 2219 363 2270 nostra
380 2218 494 2284 septimus
511 2218 581 2268 Urbe
597 2217 654 2267 suit.

68 2293 169 2344 Arserat
183 2294 231 2344 hoc
247 2294 363 2360 templum
378 2309 385 2343 r
399 2293 468 2358 signo
482 2303 565 2341 tamen
579 2291 620 2341 ille
637 2289 747 2356 pepercit
790 2289 825 2339 62
830 2304 842 2352 5

106 2367 171 2434 lgnis
185 2383 192 2417 r
208 2381 280 2432 opem
297 2378 355 2416 nato
372 2365 496 2416 Mulciber
512 2364 562 2432 ipse
578 2364 644 2417 tulit.

70 2439 182 2506 Namque
197 2451 267 2504 pater
282 2438 350 2490 Tulli
366 2439 514 2499 Vulcanus,
536 2437 642 2489 Ocresia
656 2448 754 2506 mater,

106 2511 232 2581 Praesignis
248 2513 333 2572 facit,
354 2510 520 2563 Corniculana
536 2512 590 2562 suit.
786 2519 790 2525 '

69 2585 144 2636 Hanc
159 2586 238 2638 secum
252 2586 391 2652 Tanaquil,
411 2585 483 2636 sacris
500 2585 531 2634 de
547 2601 617 2635 more
632 2584 742 2652 paratis,

104 2659 181 2711 Jussit
197 2659 222 2710 in
240 2673 350 2710 ornatum
367 2658 469 2710 fundere
487 2658 543 2708 vina
559 2659 652 2711 iocum.
791 2653 845 2718 630

66 2732 118 2782 Hic
136 2734 199 2784 inter
213 2732 307 2784 cineres
325 2733 423 2784 obsceni
438 2733 516 2782 forma
530 2732 606 2784 virilis

107 2805 157 2855 Aut
175 2807 240 2867 fuit,
258 2819 299 2858 aut
314 2808 360 2858 visa
376 2805 409 2856 est
421 2822 429 2857 t
443 2806 485 2858 sed
500 2806 546 2856 fuit
561 2808 603 2857 illa
619 2802 705 2872 magis·

65 2877 130 2933 Julla
145 2879 204 2930 foco
221 2880 314 2948 captiva
330 2881 400 2932 fovet
415 2895 421 2931 :
439 2893 573 2946 conceptus
589 2880 620 2928 ab
634 2878 677 2929 illa

104 2951 204 3006 Servius
214 2972 235 3006 ἰ
249 2955 314 3008 corio
331 2955 419 3008 semina
433 2953 513 3024 gentis
529 2955 612 3005 habet.
669 3020 715 3074 G.

707 3039 733 3073 rr
