1975 3700
189 245 239 314 92
282 224 322 291 P.
352 225 545 294 Omnis
571 223 809 295 Nasonis

192 343 302 408 luppiter
318 355 384 392 ortus
403 355 474 394 etat:
494 341 557 410 (pro
574 342 658 412 magud
675 342 737 394 telle
750 341 869 394 vetustas

228 415 361 466 Creditur:
378 429 504 483 acceptam
517 433 590 482 parce
607 433 708 467 movere
725 415 830 491 fidem.)

131 502 178 548 205
190 488 265 540 Velle
280 489 357 560 lateus¹
371 489 451 554 saxum
469 490 560 540 coelesti
575 490 668 540 viscere
682 490 755 542 sedit.

227 561 268 614 Sic
284 563 380 630 genitor
397 562 452 612 fatis
468 563 626 630 decipiendus
642 575 703 613 erat.

190 633 272 684 Ardua
289 634 336 700 jam
354 636 443 684 dudum
457 636 555 686 resonat
570 635 695 686 tinnitibus
713 634 776 704 lde..

227 707 307 757 Tutus
324 720 350 757 ut
365 709 450 758 infanti
465 709 546 776 vagiat
561 725 604 758 ore
619 725 691 775 puer.

191 779 248 830 Pars
265 781 366 848 clypeos
382 780 496 840 sudibus,
511 783 591 850 galeas
606 798 660 846 pars
672 779 754 831 tundit
767 777 879 833 inanes:

131 868 182 902 210
230 853 286 904 Hoc
304 851 408 904 Curetes
422 855 534 914 habent,
548 855 596 905 hoc
615 854 768 923 Corybantes
783 871 865 920 opus.

191 926 239 977 Res
253 927 323 976 latuit
335 941 428 993 patrem
440 944 447 978 t
464 927 583 994 priscique
595 927 725 977 imitamina
738 925 813 985 sodli,

227 997 286 1051 AEra
298 1000 362 1051 Deae
375 1001 478 1056 comites
490 1017 614 1066 raucaque
627 1014 696 1068 terga
708 1013 819 1050 movent.

193 1073 310 1141 Cymbala
322 1091 367 1139 pro
380 1075 470 1142 galeis,
483 1091 528 1140 pro
542 1073 614 1124 scutis
625 1086 739 1142 tympana
751 1073 849 1140 pulsant
860 1088 873 1125 ι

229 1147 300 1198 Tibia
313 1146 354 1197 dat
366 1145 485 1216 Phrygios
497 1181 505 1206 ,
519 1160 546 1198 ut
558 1147 625 1196 dedit
638 1159 712 1206 ante,
726 1145 823 1196 modos.

131 1235 180 1282 215
192 1220 307 1270 Desierat
319 1235 328 1278 ;
341 1220 422 1286 coepi:
439 1219 490 1270 Cur
504 1220 577 1279 huic,
593 1237 668 1288 genus
680 1236 756 1278 acre,
771 1221 865 1271 leones

230 1291 343 1344 Praebent
356 1293 463 1344 insolitas
477 1293 507 1342 ad
520 1293 577 1362 juga
590 1310 664 1343 curva
674 1291 765 1359 jubas?

194 1365 322 1416 Desieram
334 1383 340 1416 :
358 1367 450 1432 coepit;
467 1367 560 1418 Feritas
572 1366 665 1416 mollita
675 1383 720 1430 per
731 1366 795 1416 illam

232 1438 368 1490 Creditur:
383 1440 409 1490 id
423 1457 496 1490 cuttu
511 1437 636 1490 testificata
651 1440 697 1490 suo
708 1437 752 1489 est.

194 1512 228 1562 At
245 1528 287 1564 cur
301 1511 387 1563 turriti
404 1527 477 1580 caput
494 1513 526 1564 est
544 1526 629 1564 ornata
647 1513 758 1570 corond;

134 1601 186 1636 220
233 1585 272 1634 An
287 1583 397 1654 Phrygiis
409 1599 487 1638 turres
502 1585 602 1636 urbibus
616 1587 656 1635 illa
671 1583 758 1635 dedit?
785 1616 800 1640 -,

197 1657 298 1708 Annuit.
316 1659 388 1710 Unde
407 1661 494 1718 venit,
511 1661 578 1717 dixi,
596 1660 636 1709 sua
651 1660 757 1708 membra
771 1656 874 1709 secandi

234 1731 361 1798 Impetus?
381 1746 408 1782 ut
424 1735 506 1791 tacui,
525 1731 601 1783 Pieris
616 1731 758 1800 orsa'loqui.

198 1803 279 1873 Phryx
298 1822 358 1873 puer
375 1807 400 1857 in
418 1806 502 1865 silvis,
520 1806 582 1857 facie
600 1803 750 1872 speclabilis,
768 1803 834 1856 Attis

232 1878 388 1945 Turrigeram
404 1879 466 1928 casto
482 1880 559 1930 vinxit
576 1896 659 1929 amore
677 1878 766 1928 Deam.

137 1966 186 2013 225
201 1951 271 2000 Hunc
286 1952 332 2001 sibi
348 1951 435 2002 servari
450 1953 546 2013 voluit,
564 1952 604 2003 lua
618 1952 708 2018 templa
724 1950 809 2009 tuerit

233 2024 265 2073 Et
278 2024 352 2083 dixit,
366 2025 468 2093 Semper
481 2026 520 2075 fac
532 2043 593 2092 puer
606 2024 653 2075 elle
667 2024 738 2075 velis.

197 2098 241 2146 llle
258 2095 329 2147 fidem
344 2096 418 2165 jussis
436 2099 523 2158 dedit,
545 2099 588 2157 bt,
608 2098 633 2149 si
650 2099 771 2155 mentiar,
789 2096 895 2163 inquit,

232 2169 345 2232 Ultima,
365 2188 436 2238 quam
457 2172 557 2231 fallam,
580 2171 612 2223 sit
632 2172 720 2224 Venus
739 2172 779 2220 illa
798 2171 875 2221 mihi.

197 2242 289 2295 Fallit:
313 2245 338 2295 &
358 2244 382 2295 in
400 2246 512 2313 Nympha
530 2244 644 2313 Sagaride
663 2244 751 2295 desinit
765 2241 835 2302 effe,

135 2329 186 2380 230
235 2316 309 2381 Quod
323 2318 387 2369 fuit:
407 2319 463 2367 buic
478 2334 562 2384 poenas
581 2318 656 2385 exigit
674 2318 708 2367 ira
725 2318 797 2365 Deae.

197 2390 277 2440 Naida
293 2392 432 2443 vulneribus
451 2390 551 2441 succidit
569 2390 593 2441 iu
611 2392 698 2441 arbore
714 2390 792 2439 fatris.

236 2464 279 2512 llla
293 2464 377 2531 perire
393 2464 466 2515 fatum
479 2464 573 2515 Naidos
587 2466 659 2513 arbor
671 2474 732 2513 erat.

200 2537 248 2587 Hic
261 2536 318 2586 furit
329 2552 336 2585 ι
349 2536 394 2596 δι,
407 2537 510 2587 credens
521 2537 618 2589 thalami
629 2537 789 2603 procumbere
801 2532 916 2596 tetrum,

234 2606 341 2676 Effugit,
360 2610 384 2660 ὃ(
398 2608 467 2661 cursu
480 2610 602 2679 Dindyma
617 2609 703 2659 summa
717 2609 788 2675 petit.

137 2699 168 2750 23
179 2700 188 2745 ς
201 2680 397 2741 Etmodd‚Tolle
406 2680 916 2742 lace53Removemodd,verbera,clamat.

235 2754 304 2821 Saepe
317 2755 448 2809 Palestinae
461 2756 529 2823 jurat
541 2754 619 2807 adeffe
632 2756 710 2807 Deas.

201 2831 246 2880 llle
262 2831 333 2880 etiam
351 2830 406 2881 saxo
425 2846 514 2896 corpus
531 2829 628 2879 laniavit
644 2841 734 2887 acuto,

236 2902 368 2975 Longaque
383 2905 407 2955 in
421 2902 543 2955 immundo
556 2902 657 2969 pulvere
671 2900 746 2953 tradla
760 2915 829 2951 coma
842 2898 889 2953 est.
