1975 3700
48 252 57 259 “
149 229 434 299 Trrsrrurr
462 231 656 302 ΜΠ.
710 254 783 330 195

63 352 96 401 Et
114 352 201 416 quibus
218 369 232 401 e
249 350 326 401 suetis
342 350 414 401 theat
428 349 458 399 de
475 364 581 416 corpore
596 350 682 413 livor,
792 369 843 420 455

103 424 220 490 lmpteffo
236 422 289 474 freti
305 424 347 490 qui
364 424 426 473 solet
441 439 506 481 ore,
525 424 608 473 docet.

63 496 184 564 Denique
198 498 228 547 ab
242 498 341 547 incauto
357 493 455 571 nimidtn
470 496 533 562 petit
546 497 588 547 ille
603 498 710 559 marito,

102 570 137 620 Se
152 586 250 637 quoque
267 571 303 620 uti
319 569 400 621 servet
409 587 418 627 3
436 582 567 636 peccetur
582 570 623 619 illa
639 572 727 627 minus.

63 643 119 693 Scit
137 644 177 693 tui
190 645 311 702 latretur,
331 641 385 694 culm
402 643 464 693 solur
480 644 617 695 obambulat
629 645 682 711 ipse
694 663 704 705 3

104 714 160 765 Cur
174 718 251 767 toties
267 716 356 767 clausas
373 728 474 767 excreet
487 728 545 766 ante
560 717 639 768 sores.
791 720 845 782 460

62 788 198 855 Multaque
215 790 256 841 dat
274 791 328 840 talis
345 789 403 840 furti
420 802 544 856 pracepta
555 804 564 840 t
577 791 700 860 docetque

102 862 161 926 Qui
178 875 258 928 nuptae
275 864 371 929 possint
383 863 468 913 fallere
484 864 514 912 ab
529 874 583 913 arte
598 864 674 916 viror.

63 936 121 986 Nec
139 932 186 985 suit
202 936 251 987 hot
264 936 301 986 illi
316 936 396 987 fraudi
408 953 417 994 3
438 936 578 1003 legiturque
592 936 723 998 Tibullus,

102 1009 137 1059 Et
153 1010 253 1075 placet,
274 1010 299 1061 dc
315 1008 383 1075 jem,
400 1021 427 1059 te
444 1008 577 1075 Principe,
594 1022 669 1063 notus
684 1023 748 1063 erat·

62 1081 181 1132 Invenies
197 1083 281 1133 eadem
296 1082 377 1132 blandi
391 1094 514 1149 praeoeptz
530 1081 660 1148 Properti:
789 1085 841 1151 465

100 1154 228 1207 Distrislus
246 1155 342 1205 minimi
358 1171 404 1205 nec
419 1166 503 1205 tamen
518 1156 561 1205 ille
578 1158 637 1207 noti
654 1156 698 1208 ed.

63 1226 110 1278 His
129 1244 176 1295 ego
193 1229 318 1287 successi,
338 1228 450 1296 quoniam
466 1228 600 1296 prodentia
616 1231 708 1283 candor

101 1302 213 1351 Nomina·
223 1303 334 1353 vivorum
350 1302 500 1353 dissimulare
515 1301 595 1367 jubet.

64 1375 125 1424 Non
141 1374 229 1435 timui,
245 1376 341 1433 fateor,
357 1391 409 1435 ne,
427 1374 474 1443 qul
487 1386 527 1426 tot
542 1376 594 1427 iere
609 1374 716 1438 carim,

101 1448 245 1517 Naufraga,
262 1449 361 1500 servetis
376 1450 505 1509 omnibus,
524 1465 571 1499 uua
587 1449 673 1510 soret,
788 1464 842 1515 470

64 1520 128 1571 Sunt
143 1522 195 1572 aliis
214 1521 327 1588 scripte,
345 1521 430 1587 quibus
447 1524 500 1573 alea
513 1522 625 1582 luditur,
643 1535 721 1576 atter.

100 1594 165 1645 Haec
182 1594 216 1645 el’t
230 1596 260 1645 ad
275 1595 369 1647 nostros
383 1612 433 1646 non
449 1598 505 1645 leve
522 1596 614 1647 crimen
628 1613 698 1649 avos.

64 1666 132 1732 Quid
149 1670 247 1719 valeant
263 1670 326 1729 tali;
347 1685 396 1735 quo
413 1668 492 1735 possit
507 1670 610 1734 plurime
624 1668 690 1735 jaslu

100 1742 224 1809 Fingere,
246 1742 374 1793 damnosos
392 1741 525 1809 effugiasve
542 1758 625 1792 canet.

63 1814 165 1866 Tessera
180 1826 241 1882 quot
255 1832 369 1868 numeros
383 1816 470 1867 habeat
486 1831 494 1866 ε
511 1814 611 1866 distante
626 1826 737 1876 roceto,
786 1830 821 1881 47
827 1832 839 1881 5
887 1845 890 1849 Δ

99 1889 205 1940 Mittere
223 1906 272 1957 quo
287 1890 394 1948 deceat,
415 1907 464 1956 quo
479 1889 537 1940 dare
551 1887 616 1938 mite
631 1891 715 1942 modo·

64 1962 182 2013 Discolor
196 1975 225 2012 ut
239 1963 306 2014 reslo
320 1962 436 2032 grassetur
451 1963 527 2013 limite
543 1963 631 2022 miles,

101 2034 166 2086 clm
181 2035 275 2088 medius
292 2037 389 2104 gemino
405 2037 512 2087 calculus
528 2034 596 2086 hoste
612 2035 686 2103 perit.

65 2109 100 2159 Ut
117 2126 188 2177 mage
204 2111 269 2160 velle
286 2109 351 2176 sequi
367 2110 443 2170 sciat,
464 2110 491 2160 dt
506 2125 625 2160 revocare
638 2111 744 2175 priorem
757 2125 767 2169 3

100 2183 141 2232 Ne
158 2179 215 2233 tutd
231 2183 326 2250 fugiens
341 2182 495 2234 incomitatus
512 2197 563 2234 eat.
787 2181 842 2244 480

63 2253 141 2305 Parva
159 2255 227 2306 sedet
243 2256 319 2307 'ternis
332 2256 441 2306 instrusla
456 2256 545 2306 tabella
562 2253 670 2320 lrpillis,

100 2330 131 2379 ln
148 2345 195 2394 qua
210 2328 291 2379 vicisse
309 2328 362 2389 ell,
380 2327 527 2381 continuasse
543 2329 608 2380 suot.

62 2401 166 2468 Quique
177 2402 217 2452 alii
227 2402 290 2475 lusor
301 2435 309 2462 ,
323 2404 474 2470 nequeenim
485 2419 549 2452 nunc
560 2400 690 2468 persequar
699 2417 783 2454 omnes
795 2435 802 2461 ,

101 2474 229 2533 Perdere,
249 2491 300 2526 rem
317 2481 415 2536 carim,
433 2489 544 2542 tempora
557 2475 636 2524 nostra
651 2476 739 2527 solent.

62 2549 131 2598 Ecce
149 2549 214 2598 canit
228 2548 316 2600 formas
332 2550 391 2600 alius
407 2549 530 2616 jasiusque
546 2549 667 2615 pilarumt
784 2546 818 2609 48
824 2562 836 2611 5

101 2622 151 2672 Hic
167 2635 244 2672 artem
258 2623 329 2674 nandi
344 2623 472 2690 praecipit,
491 2623 534 2672 ille
549 2619 640 2674 trochi.

63 2694 210 2760 Composita
227 2695 260 2746 est
276 2696 328 2746 aliis
343 2697 440 2747 furandi
458 2711 516 2746 cura
532 2696 643 2754 coloris;

101 2767 151 2818 Hit
167 2769 245 2833 epulis
260 2771 328 2837 leges
344 2769 498 2837 hospitioque
514 2767 590 2820 dedit.

63 2841 138 2892 Alter
148 2841 245 2892 humum
257 2875 265 2899 ,
281 2843 312 2892 de
324 2859 369 2910 qua
381 2841 502 2912 fingantur
512 2844 619 2908 pocula,
632 2839 765 2892 monstrat:

101 2913 235 2982 Quaeque,
253 2915 346 2978 dotet,
364 2917 454 2986 liquido
470 2916 529 2968 testo
544 2917 575 2968 sit
589 2927 645 2983 apta
658 2931 737 2964 meto.
785 2927 838 2978 490

690 2986 732 3054 ιη
