1975 3700
136 272 420 344 Tursrrvrr
448 271 559 340 er.
587 277 628 340 V.
678 281 750 343 261

37 391 95 442 Hos
110 409 228 458 quoque,
247 392 287 458 qui
299 391 376 458 geniti
388 390 469 456 Graii
482 393 615 442 creduntur
628 393 659 442 el>
675 395 755 452 urbe,

77 463 126 514 Pro
142 466 221 532 patrio
236 467 304 514 cultu
320 463 418 516 Persica
433 466 521 515 bracca
536 465 608 532 regit.

38 538 165 588 Exercent
181 539 216 588 illi
229 538 300 590 sociae
315 537 579 605 commerciallinguae:
762 551 795 604 35

76 610 124 660 Per
140 609 231 678 gestum
243 628 282 662 res
298 610 331 660 eu
345 609 499 679 significanda
515 612 582 661 mihi.
632 632 634 636 ’

38 683 159 734 Barbarus
175 683 215 750 hic
232 701 279 752 ego
296 685 364 744 sum,
381 685 435 750 quia
452 701 501 734 uon
515 683 639 751 intelligor
655 684 717 736 ulli:

77 757 110 809 Et
125 758 205 808 rident
221 757 298 809 slolidi
315 758 389 806 verba
402 757 487 808 Latina
506 757 588 808 Geta.

38 829 134 896 Meque
152 832 247 896 palam,
264 829 294 880 de
311 847 349 880 me
364 829 419 880 tutd
434 832 496 882 male
513 829 574 896 sape
589 833 740 898 loquuntur:

76 904 190 954 Forsitan
206 903 324 969 objiciunt
340 904 497 969 exsiliumque
512 903 578 953 mihi.
632 949 636 957 ,
761 922 796 966 4ο

39 978 126 1042 thue
142 975 188 1036 sit,
205 977 229 1026 iu
245 993 283 1026 me
299 975 408 1048 aliqud,
424 976 536 1044 siquid,
552 976 686 1028 dicentibus
700 977 768 1038 illis,

78 1050 212 1100 Abnueriru
228 1049 323 1116 quoties
336 1050 529 1114 ruiturumque,
548 1061 642 1116 putent.

39 1123 134 1180 Adde,
152 1122 219 1188 quod
234 1121 344 1188 injustum
359 1121 459 1190 rigido
451 1140 490 1189 pus
508 1123 595 1172 dicitur
612 1122 688 1174 ense:

77 1197 177 1266 Βριιιιιι
195 1195 241 1246 dt
234 1213 259 1244 ιιι
274 1193 356 1246 medio
369 1197 471 1245 vulnera
488 1196 550 1261 sepe
566 1195 665 1246 soro.

41 1267 66 1320 0
83 1257 166 1320 duram
182 1267 324 1318 Lachesin!
342 1285 398 1334 quer
411 1281 459 1318 tam
473 1285 546 1336 grave
560 1268 627 1320 sidus
643 1269 742 1328 heberti
759 1285 793 1332 45

78 1341 130 1390 Fila
149 1341 217 1392 dedit
232 1342 290 1392 vitae
304 1358 356 1392 non
373 1341 484 1392 breviora
500 1341 581 1391 meae!

41 1415 119 1482 Quod
134 1416 217 1479 patriae
232 1415 317 1473 vultu,
335 1413 462 1480 vestroque
476 1430 584 1464 caremus
596 1446 604 1472 ,
616 1413 707 1472 amici,

79 1488 205 1552 Quodque
219 1485 257 1537 hic
273 1488 297 1536 in
313 1487 433 1556 Scythicis
450 1486 536 1538 finibus
551 1486 597 1536 else
615 1505 725 1553 queror3

41 1562 158 1632 Utraquq
170 1577 242 1626 poena
258 1561 355 1626 gravis:
369 1562 445 1610 merui
459 1572 542 1610 tamen
555 1559 623 1609 Urbe
638 1576 744 1618 cerem

78 1635 138 1682 Nou
155 1633 231 1702 mqrui
245 1633 287 1682 tali
305 1632 405 1682 forsitan
420 1633 467 1684 effe
484 1635 551 1684 loco.
763 1647 796 1694 50

43 1705 110 1768 Quid
121 1708 224 1772 loquor,
237 1706 266 1754 ah
281 1705 286 1755 l
300 1703 415 1755 demens?
427 1707 499 1774 ipsam
510 1721 607 1772 quoque
617 1705 720 1772 perdere
731 1706 816 1765 vitem,

78 1777 180 1829 Celeris
198 1776 289 1828 offenso
305 1780 420 1839 numine,
440 1781 524 1847 diguus
542 1794 616 1829 eram.

101 1868 748 1965 essaffi‘bfflae»

243 1984 496 2049 ELEGIA
531 1986 611 2053 XI.

121 2160 140 2197 υ
149 2158 167 2197 o
177 2158 196 2195 v
211 2157 237 2197 te
252 2145 333 2197 nescio
348 2144 401 2213 quis
416 2163 460 2212 per
475 2144 553 2213 jurgia
566 2148 654 2199 dixerit
670 2148 717 2200 effe

115 2219 209 2270 Exsulis
226 2236 345 2279 uxorem,
359 2220 429 2269 litera
447 2219 527 2285 queste
541 2232 582 2271 tua
599 2222 642 2272 est.

44 2293 163 2359 indolui·
174 2310 225 2343 oon
240 2305 289 2342 tam
304 2308 357 2345 ruer
373 2292 438 2359 quod
453 2293 551 2351 fortuna
568 2292 631 2344 meld
647 2294 733 2354 audit,

78 2365 151 2430 Qui'
144 2383 207 2433 qam
209 2366 322 2417 consuevi
339 2366 435 2417 sortiter
449 2364 497 2415 elle
512 2364 606 2425 miser,

45 2437 124 2502 Quum
135 2440 206 2516 quia,
218 2439 257 2489 cui
266 2438 362 2489 minim'e
371 2438 505 2497 vellem,'
486 2455 530 2494 sun
542 2440 611 2492 causa
620 2439 739 2506 pudoris,
761 2458 774 2505 5

78 2512 167 2579 Teque
181 2528 235 2563 tear
248 2510 333 2563 nostris
350 2512 466 2563 erubuisse
482 2511 560 2562 malis.

44 2584 101 2635 Pers
89 2586 146 2644 s‚er
164 2585 190 2637 δι
194 2572 316 2656 obduret
328 2580 404 2635 multd
420 2585 530 2651 graviora
544 2584 634 2644 tulisti,

79 2656 142 2707 Cum
159 2674 198 2708 rne
194 2642 324 2723 surripuit
341 2657 480 2723 Principis
473 2675 508 2707 ιιιι
523 2658 578 2708 tibi.

44 2730 141 2783 Fallitur
155 2730 197 2781 isle
211 2742 309 2789 tamen,
325 2746 373 2797 quo
386 2728 485 2794 judice,
503 2733 614 2794 nominor
629 2730 704 2783 exsul.

80 2784 183 2853 Mollior
197 2803 230 2853 est
241 2804 340 2880 culpant
355 2819 427 2871 potua
442 2803 524 2853 secuta
539 2820 625 2853 meam.
764 2819 795 2856 ιο

45 2874 150 2926 Maxime
160 2893 231 2951 potua
241 2866 299 2926 mihi
311 2874 342 2926 est
355 2874 449 2941 ,ipsum
460 2872 602 2926 offendisse.
615 2874 728 2944 priusque

81 2948 190 3003 Venisset
207 2936 302 3021 mallem
318 2948 411 3004 iuuerit
426 2948 486 3001 hora
502 2940 569 3001 mihi.
