1975 3700
175 277 252 331 202
288 254 332 329 P.
361 253 556 327 Orrurr
580 256 813 327 NAsours
947 227 975 338 1

173 377 277 427 Plurima
294 376 334 426 sed
349 375 438 443 pelago
454 373 568 441 tetrique
583 374 692 440 pericula
707 376 796 441 pessum
821 367 824 371 ’

212 449 283 501 Uslus
300 450 329 499 ab
345 450 443 499 assiduo
459 449 550 516 frigore
565 446 658 498 Pontus
673 449 755 499 habet.

174 522 274 590 Quique
291 522 364 591 fugax
380 538 478 580 rerum,
496 522 626 588 securaque
640 522 667 571 in
683 522 732 571 otia
745 534 834 581 natus,
877 528 882 536 '

133 614 164 651 ιο
212 597 297 647 Mollis
313 598 338 647 dt
352 596 479 662 impatiens
492 608 550 645 aute
564 594 654 644 laboris
669 610 735 644 eram
748 612 757 652 ς

174 670 266 721 Ultima
279 685 343 719 nunc
357 670 437 735 patior
449 686 458 721 τ
471 684 519 718 nee
533 684 573 717 me
588 684 655 718 mare
669 670 786 734 portubus
800 669 887 719 orbum

211 742 336 798 Perdere.
357 742 455 792 diverse
471 758 519 792 nec
534 752 639 807 potuere
650 742 712 792 eie.

174 814 323 882 Suffecitque
336 816 404 867 malis
419 816 533 866 animus:
548 832 603 864 nam
618 832 706 880 corpus
722 815 752 864 ab
767 814 811 865 illo

211 889 316 955 Accepit
331 889 416 948 vires,
435 890 524 956 virque
541 888 642 937 serenda
658 890 722 938 tulit.

133 978 162 1029 15
176 962 242 1013 Dum
256 975 338 1013 tamen
354 964 381 1013 δι
394 964 472 1013 ventis
490 961 575 1011 dubius
588 961 694 1029 instabat
710 962 737 1013 δι
750 961 843 1023 undis,

211 1036 319 1086 Fallebar
335 1052 404 1087 curas
419 1052 530 1104 aegreque
545 1035 620 1085 corda
637 1036 716 1086 labor.

172 1108 209 1159 Ut
226 1109 264 1159 via
280 1108 413 1167 miracu,
433 1111 458 1160 δι
475 1126 537 1175 opus
554 1109 675 1175 requievit
692 1107 782 1167 eundi,

210 1181 242 1233 Et
258 1199 337 1248 poenae
353 1184 425 1233 tellus
443 1182 476 1233 esi
489 1181 547 1232 milri
563 1182 626 1231 tatia
641 1198 722 1241 mem

172 1255 214 1305 Nil
231 1256 276 1305 nisi
291 1256 350 1305 flere
366 1257 426 1305 libet
440 1271 447 1306 ε
460 1273 506 1305 nec
524 1256 604 1305 nostro
618 1256 716 1321 parcior
728 1255 806 1304 imber

129 1342 164 1379 20
208 1328 332 1386 Lumine,
352 1328 382 1379 de
399 1329 474 1379 verni
490 1333 560 1396 quim
574 1331 631 1377 nive
645 1341 726 1379 manat
741 1329 824 1394 aqum*

171 1400 249 1453 Roma
262 1402 395 1468 domusque
411 1403 490 1461 subit,
507 1402 700 1469 desideriumque
715 1404 850 1459 locorum,

210 1473 333 1541 Quidquid
351 1476 376 1525 dt
393 1475 474 1526 amissi
490 1474 562 1525 restat
576 1476 602 1524 in
616 1475 685 1525 Urbe
701 1476 758 1526 mei.

173 1548 223 1599 Hei
240 1548 296 1597 mihi
313 1547 320 1599 l
338 1550 403 1615 quod
416 1548 489 1599 nostri
505 1548 580 1600 toties
597 1549 687 1615 pulsata
702 1548 807 1616 sepulcri

207 1620 303 1680 Janna,
323 1620 364 1671 sed
380 1624 448 1673 nullo
463 1634 574 1688 tempore
589 1632 673 1688 aperta
689 1622 755 1673 suit!

127 1709 142 1747 2
147 1708 159 1757 5
175 1692 226 1745 Cur
243 1710 290 1761 ego
306 1706 345 1745 tot
361 1696 453 1762 gladios
468 1696 519 1762 iugi
533 1694 540 1743 !
552 1696 676 1762 totiesque
693 1696 784 1747 minata

209 1767 299 1819 Obruit
314 1768 397 1819 infelix
412 1771 476 1819 nulla
491 1769 600 1833 procella
614 1767 710 1835 ceput?

170 1839 224 1899 Di,
245 1859 306 1909 quos
321 1843 433 1909 experior
447 1840 546 1892 nimium
559 1841 696 1892 constanter
711 1840 831 1910 iniquos,

207 1913 339 1982 Participes
355 1915 396 1966 irae
413 1933 472 1984 quos
490 1917 562 1982 Deus
576 1933 638 1968 unus
654 1917 749 1975 habet3

171 1987 327 2040 Exilimulate
339 2020 347 2046 ,
364 2005 474 2054 precor,
492 1989 605 2040 ceffantia
617 1990 687 2048 satu
706 1991 808 2058 meique

127 2073 162 2127 30
209 2061 325 2111 luteritsrs
342 2062 431 2113 clausas
445 2061 491 2114 esse
507 2074 591 2114 vetate
607 2063 683 2113 sores.

462 2150 513 2182 »o-

164 2171 447 2212 «εξ-,ιτ
447 2173 477 2216 a
489 2171 813 2224 ‚m
972 2114 974 2261 1

296 2271 324 2335 E
343 2270 368 2333 L
389 2269 414 2332 Ε
435 2269 465 2335 G
486 2269 502 2332 l
522 2268 554 2333 A
594 2267 644 2332 11
663 2268 690 2331 l.

168 2364 299 2487 Hinc
318 2447 391 2490 mee,
408 2429 428 2481 si
445 2429 501 2480 casn
515 2427 628 2487 rimans,
645 2427 746 2495 episloln
762 2443 842 2496 quare
971 2326 973 2477 i

202 2501 310 2556 Alterius
329 2503 410 2573 digitis
424 2503 511 2570 scripta
526 2503 558 2555 sit
572 2518 581 2553 ι
596 2519 662 2570 aeger
678 2517 754 2553 eram.
970 2518 971 2523 ¹

164 2569 241 2644 AEger
257 2579 282 2627 in
298 2577 411 2629 extremis
429 2577 508 2645 ignoti
523 2576 633 2644 partibus
649 2574 734 2636 orbis,

200 2650 358 2718 incertusque
376 2665 437 2702 meae
454 2667 523 2717 paene
540 2649 619 2700 salutis
636 2665 711 2700 eram.

141 2737 154 2785 5
168 2722 234 2787 Quid
249 2725 306 2774 milri
322 2739 387 2775 nunc
403 2723 474 2774 enimi
491 2722 542 2773 diri
556 2723 657 2790 regione
671 2720 768 2787 jacenti
969 2734 970 2793 l

200 2797 268 2849 Inter
285 2798 439 2849 Sauromatas
455 2797 503 2850 esse
519 2793 648 2862 Getasque
664 2808 735 2862 putes
748 2792 760 2843 ἓ
969 2802 970 2821 ³

162 2868 217 2920 Nec
235 2872 323 2921 coelum
337 2873 458 2938 patimur,
475 2885 522 2920 nec
537 2871 604 2936 aquis
618 2869 759 2919 assuevimus
775 2865 846 2926 isiisr

199 2942 325 3015 Terraque
340 2945 423 2998 nescio
439 2959 487 3013 quo
504 2958 554 2996 non
568 2943 651 3011 placet
668 2942 719 3011 ipsa
730 2941 818 2994 modo.
