1975 3700
222 242 273 336 76
321 237 850 316 P.OV11>11NAsonrs

222 365 271 414 Sub
287 362 300 415 J
303 379 349 414 ore
366 380 421 430 pars
437 363 508 414 durat
519 380 526 414 :
537 363 609 430 pauci
627 363 733 413 tentoria
747 370 843 431 ponunt
856 385 868 425 ;

259 437 339 494 Sunt,
359 437 445 502 quibus
459 453 473 486 e
489 453 556 486 ramo
572 437 674 486 frondea
688 437 747 486 falla
762 440 815 488 casa
831 441 881 490 est.

221 507 278 560 Pars
293 511 327 558 ibi
343 526 387 575 pto
404 510 489 576 rigidis
505 511 610 559 calamos
626 508 729 559 statudre
745 513 890 572 columnis,

162 599 213 648 530
260 583 373 648 Desuper
391 595 502 633 extentas
517 583 653 648 imposuere
669 594 753 650 togas.

222 656 280 710 Sole
297 669 377 706 tamen
392 656 498 722 vinoque
515 658 594 707 calent
608 673 615 705 ι
627 673 752 722 annosque
765 671 922 723 precantur,

259 729 329 794 Quot
344 729 435 779 sumant
449 730 551 796 cyathos
564 746 573 786 ;
589 725 806 796 ad'nnmerumque
822 732 923 785 bibunt.

221 803 334 854 Invenies
349 801 417 861 illic,
438 802 478 868 qui
493 802 600 853 Nestoris
616 803 696 852 ebibat
710 819 807 862 annos,

258 875 320 940 Qnae
338 875 369 926 sit
385 892 429 942 per
446 875 534 926 calices
549 875 611 926 salta
626 875 718 942 Sibylla
734 875 798 926 suos.

161 965 209 1015 535
224 951 276 1000 Illic
293 949 318 1000 ἃ
333 961 450 1007 cantant,
467 949 581 1016 quidquid
599 948 706 998 didicere
719 950 821 1000 theatris
834 966 844 1008 3

258 1023 290 1074 Et
304 1021 394 1089 judlant
411 1023 494 1072 faciles
511 1022 541 1071 ad
558 1021 597 1071 sua
613 1023 687 1071 verba
703 1038 806 1081 mamm

127 1132 129 1137 .
221 1097 253 1148 Et
271 1098 362 1147 ducunt
375 1096 456 1162 posito
474 1095 545 1144 duras
560 1107 654 1144 cratere
672 1094 794 1154 choreas,
860 1089 863 1097 ’

258 1170 385 1236 Multaque
402 1166 491 1218 diffusis
510 1168 672 1219 saltat-amica
688 1169 774 1218 cornis.

218 1241 286 1294 'Cum
300 1243 404 1292 redeunt
416 1273 423 1298 ,
439 1241 562 1299 titubant,
581 1241 608 1291 dt
623 1241 676 1292 sunt
690 1241 825 1306 spectacula
839 1245 941 1314 vulgo;

163 1334 213 1381 540
262 1317 293 1366 Et
308 1315 446 1369 fortunatos
462 1315 533 1365 obvia
549 1316 620 1365 turba
636 1328 736 1366 vocant.

223 1389 329 1440 Occurrl
345 1405 422 1454 nuper
434 1403 442 1438 t
454 1387 503 1438 visa
520 1387 553 1437 eli
567 1389 625 1440 mihi
643 1389 713 1456 digna
729 1390 807 1442 relatu

259 1462 367 1528 Pompa:
382 1461 461 1512 senem
481 1473 565 1527 potum
580 1475 638 1526 pota
652 1463 764 1513 trahebat
779 1481 849 1514 anus,

223 1536 285 1601 Quae
296 1549 376 1586 tamen
384 1536 436 1586 haec
447 1534 501 1584 Dea
514 1534 545 1583 sit
555 1533 564 1582 l
576 1534 687 1600 quoniam
697 1536 833 1587 rumoribus
843 1551 941 1595 errant,

259 1609 348 1659 Fabula
362 1608 489 1674 proposito
503 1609 568 1658 nulla
583 1607 686 1658 tacenda
699 1624 764 1658 meo.

163 1700 211 1747 545
226 1680 424 1734 Arserat‘AEneae
440 1673 509 1732 Dido
524 1681 662 1731 miserabilis
676 1681 753 1748 igne3

261 1757 359 1807 eliserat
375 1753 497 1806 exstruitis
511 1754 536 1804 in
552 1754 591 1805 sua
606 1755 654 1804 fata
670 1754 746 1820 rogis.

225 1829 430 1897 compositusque
440 1827 515 1885 cinis,
533 1828 667 1895 tumulique
676 1828 700 1878 in
710 1843 831 1879 marmore
841 1845 944 1883 carmen

261 1904 316 1954 Hoc
331 1905 425 1962 breve,
443 1902 509 1967 quod
524 1902 629 1953 moriens
644 1902 694 1967 ipsa
711 1902 828 1968 reliquit,
845 1920 925 1964 erat3

224 1977 329 2029 Praebuit
343 1972 434 2025 AEneas
450 1976 476 2027 δι
492 1976 584 2027 causam
599 1975 682 2026 mortis
701 1976 727 2027 δι
742 1976 846 2033 ensem3

165 2066 216 2115 550
264 2050 315 2115 Ipsa
330 2050 369 2101 sul
383 2049 451 2099 Dido
466 2050 574 2101 concidit
589 2048 631 2099 usa
644 2066 724 2099 mauu.

227 2122 337 2175 Protinus
353 2123 469 2173 invadunt
484 2122 603 2173 Numida*
612 2121 665 2173 sine
678 2121 774 2173 vindice
789 2138 898 2190 regnum
912 2141 923 2183 3

262 2197 295 2247 Et
309 2197 401 2265 potitur
416 2196 485 2261 captis
501 2196 602 2245 Maurus
619 2196 687 2246 larba
701 2196 783 2245 domo.

199 2269 279 2337 Seque
288 2288 379 2321 memor
389 2270 492 2335 spretum
504 2269 646 2328 ‚Thalamis
656 2280 746 2328 tamen,
758 2268 847 2334 inquit,
859 2270 943 2321 Elill'ae

263 2342 298 2392 En
314 2360 378 2411 ego,
397 2358 469 2409 quem
483 2341 558 2391 toties
574 2342 663 2408 repulit
675 2342 734 2398 illa,
748 2343 826 2391 fruor.

165 2432 178 2480 5
184 2432 214 2481 55
228 2415 365 2483 Diffugiunt
375 2415 461 2482 Tyrii,
473 2414 521 2481 qud
531 2432 650 2481 quemque
661 2415 710 2482 agit
720 2432 789 2466 error
801 2429 809 2464 ι
821 2427 853 2465 ut
865 2418 928 2467 olim

262 2488 351 2539 Amisso
368 2489 445 2539 dubiae
462 2504 521 2556 rege
538 2500 655 2556 vagantur
671 2505 739 2553 apes.

224 2562 310 2613 Tertia
325 2560 447 2615 nudandas
464 2575 594 2628 acceperat
609 2576 664 2611 area
681 2560 784 2621 melles,

192 2658 199 2692 t
262 2636 340 2703 Inque
358 2651 431 2685 cavos
445 2634 525 2685 ierant
539 2636 611 2685 tertia
625 2634 698 2683 musta
713 2638 800 2691 lacus;

225 2708 326 2763 Pellitur
338 2710 407 2760 Anna
422 2708 513 2767 domo,
529 2710 711 2775 lacrymansque
726 2708 816 2758 sororia
832 2707 929 2776 linquit

165 2784 216 2847 560
263 2783 355 2833 M'oenia
367 2798 374 2833 ε
387 2798 507 2849 germane
524 2779 583 2846 iulia
598 2781 640 2831 dat
653 2793 709 2830 ante
724 2780 779 2830 suae.

225 2857 304 2907 Mixta
321 2856 405 2905 bibunt
420 2856 507 2905 molles
524 2854 635 2922 lacrymis
650 2867 772 2921 unguenta
787 2852 904 2917 favillae,

261 2926 363 2983 Ve'rtice
380 2928 465 2981 libatas
483 2927 654 2997 accipiuntque
671 2944 764 2980 comas.
