1975 3700
144 264 442 334 FAsrouvM
471 261 578 328 Lrn.
607 261 677 330 VI.
719 281 792 356 ¹37

10 373 33 420 23·
81 384 116 434 Et
129 383 190 433 Lare
207 381 327 433 communi
343 381 440 431 soceros
457 395 612 448 generosque
627 392 764 446 receptos;
802 395 835 445 95

19 465 33 494 2
122 457 166 506 His
180 473 268 508 nomen
280 455 366 521 jundiis
381 454 484 513 lunius,
502 453 602 520 inquit,
619 453 703 503 habet.

10 541 18 570 2
81 531 155 580 Dida
170 531 257 596 triplex
275 529 344 580 cause
359 527 392 578 est
406 545 413 580 ι
428 539 513 578 atros
529 526 665 594 ignoscite,
683 526 777 577 Dirae:

121 603 171 652 Res
187 602 334 664 estparbitrio
350 618 400 651 nora
415 601 547 652 dirimenda
562 616 628 650 tneo.

10 675 26 718 {³
82 676 123 726 lte
139 693 209 742 pares
225 693 239 726 a
253 693 316 726 ine.
308 691 315 704 ·
331 675 456 742 perierunt
468 674 559 756 judice¹
566 675 652 723 forma

10 761 22 792 a
121 747 258 816 Pergama·
272 751 327 814 plus
342 749 451 807 laedunt,
469 745 559 814 quirn'
553 761 621 812 Juvat
634 763 701 804 una,
719 747 781 797 duae.
806 761 855 794 roo

10 835 22 867 s
82 819 192 873 PRIMA
201 823 255 872 drea
264 823 326 880 tibi
339 820 436 880 Cama,
448 821 528 870 datur.
539 821 594 869 Dea
604 820 706 871 cardinis
716 822 766 870 brec
775 820 818 869 ei

10 907 25 940 ⁵
121 895 224 945 Numine
239 895 318 944 clausa
331 894 428 960 aperit,
446 893 537 942 claudit
550 905 632 958 aperta
647 894 701 946 suo.

10 983 17 1014 ι
81 967 157 1018 Unde
172 969 239 1018 datas
251 969 339 1018 habeat
351 968 434 1026 vires,
453 966 578 1016 obscurior
591 982 646 1016 avo

120 1043 215 1110 Fam43
235 1041 275 1090 sed
291 1057 304 1092 e
319 1040 400 1090 nostro
416 1040 521 1089 carmine
537 1050 618 1089 certus
636 1040 692 1088 eris.

10 1133 19 1162 ε
81 1113 188 1177 Adiacet
203 1115 295 1180 antiqui
311 1114 431 1164 Tiberino
446 1116 515 1163 lucus
531 1113 655 1170 Heierni·
733 1148 736 1158 .
804 1126 853 1174 105

11 1227 12 1232 ,
122 1187 251 1238 Pontifices
266 1190 323 1238 illuc
338 1203 402 1237 nunc
417 1203 515 1254 quoque
531 1186 596 1236 sacra
610 1186 701 1236 ferunt.

10 1303 14 1308 .
81 1261 143 1310 Inde
159 1262 206 1312 sata
221 1261 254 1312 est
267 1263 399 1328 Nympho:
414 1261 515 1312 Granen
531 1260 616 1309 dixere
631 1260 743 1325 priores.

121 1335 287 1402 Nequidquam
301 1335 381 1384 multis
397 1335 457 1399 saepe
473 1333 550 1400 petita
563 1333 654 1398 procis

80 1407 148 1456 Rura
163 1408 246 1474 sequi,
264 1403 398 1474 jaculisque
413 1407 476 1458 feras
492 1407 584 1473 agitare
598 1407 711 1464 solebat3

12 1499 18 1528 ι
120 1481 277 1548 Nodosaaque
293 1480 351 1530 cavia
366 1481 468 1531 tendere
480 1481 545 1530 valle
561 1482 652 1547 pingas.
802 1491 852 1528 uo

10 1573 18 1606 t
80 1555 139 1604 Non
156 1555 238 1604 habuit
251 1555 407 1618 pharetram,
426 1553 511 1602 Phoebi
525 1565 605 1602 tamen
620 1552 668 1601 eise
681 1551 790 1601 sororem

119 1627 259 1676 Credebant
275 1643 282 1676 ε
300 1643 345 1675 nec
361 1639 431 1684 erat,
450 1626 562 1684 Phoebe,
580 1625 691 1690 pudenda
704 1625 758 1673 tibi.

10 1707 17 1750 ἰ
78 1699 145 1750 Huic
163 1699 249 1765 aliquis
264 1697 378 1764 juvenum
395 1697 488 1748 dixiffet
504 1699 607 1747 amantia
624 1699 717 1755 verba,

117 1772 247 1821 Reddebat
261 1773 322 1821 talea
338 1771 448 1838 protinus
464 1773 505 1820 illa
519 1771 600 1820 sonos.

10 1866 16 1897 ι
79 1845 141 1895 Haec
158 1846 212 1895 loca
223 1845 282 1896 lucis
293 1845 382 1895 habent
394 1844 462 1895 nimis
473 1878 481 1905 ‚
501 1843 528 1895 δι
539 1858 594 1893 curn
605 1845 660 1893 luce
671 1842 779 1910 pudoris.
803 1856 829 1892 11
839 1858 851 1904 5

117 1916 141 1967 Si
157 1918 250 1969 secreta
264 1918 338 1985 magis
354 1918 421 1969 ducis
438 1918 463 1967 in
476 1929 566 1987 taratra,
584 1918 680 1984 sequor.

10 2032 11 2039 t
78 1990 201 2043 credulus
215 2004 283 2043 antra
297 1992 380 2043 subit:
397 1992 498 2042 frutices
514 1992 567 2040 haec
583 1993 650 2041 neda
665 1988 770 2049 resissi13

115 2064 146 2114 Et
160 2067 240 2125 latet,
258 2066 283 2117 δι
299 2067 366 2115 nullo
381 2065 414 2115 esi
428 2065 574 2115 invenienda
587 2065 672 2114 modo·

10 2159 12 2189 ι
78 2138 182 2191 Viderat
197 2140 259 2190 hauc
275 2138 371 2198 Janus;
391 2139 497 2205 visaeque
514 2138 626 2205 cupidine
640 2149 725 2204 captus

115 2210 154 2261 Ad
171 2213 253 2261 duram
269 2214 349 2261 verbis
366 2212 477 2261 mollibus
492 2212 548 2261 usus
564 2222 627 2260 erat.
800 2224 850 2259 120
881 2262 886 2273 ¹

77 2285 191 2352 Nympha
206 2284 274 2351 jubet
290 2285 364 2350 quaeri
380 2284 409 2333 de
426 2295 495 2333 more
513 2284 630 2333 remotius
644 2295 760 2339 antrum

114 2358 197 2424 thue
215 2372 298 2407 comes
315 2357 438 2423 sequitur,
455 2356 610 2423 destituitque
625 2358 722 2405 ducem.

77 2431 178 2485 Stulta,
197 2430 264 2479 videt
281 2430 354 2481 Janus
371 2448 424 2497 quae
440 2431 490 2496 post
507 2430 547 2479 sua
561 2443 629 2497 terga
645 2443 769 2497 gerantur.

115 2504 155 2552 Nil
165 2503 223 2587 'agis
237 2519 288 2553 en:
303 2505 406 2553 latebras
421 2504 519 2570 respicit
533 2504 575 2557 iile
588 2516 651 2553 tuat.

75 2577 118 2627 Nil
133 2575 185 2643 agis
200 2592 248 2634 en,
266 2576 338 2625 dixi.
354 2591 408 2631 narn
425 2589 450 2625 te
467 2576 510 2625 sub
525 2594 586 2643 rupe
602 2578 719 2627 latentem
796 2589 843 2634 ¹25

114 2649 229 2715 Occupat
243 2651 375 2713 ampiexu;
392 2650 480 2715 speque
495 2650 606 2716 potitus,
622 2651 675 2708 ait;

72 2724 117 2776 Jus
134 2740 179 2788 pro
194 2723 324 2771 concubitu
340 2721 420 2771 nostro
436 2722 478 2771 tibi
497 2724 599 2773 cardinis
613 2722 674 2773 esto.

111 2797 167 2845 Hoc
184 2796 289 2862 pretium
306 2796 391 2861 positae
407 2794 548 2863 virginitatis
564 2799 661 2846 habe.

71 2872 111 2921 Sic
130 2870 211 2927 fatus,
228 2868 333 2935 spinam,
350 2868 397 2937 qud
412 2868 491 2921 trites
504 2871 597 2935 pellere
612 2868 689 2935 posset

107 2942 131 2994 A
149 2942 239 3014 foribus
253 2958 347 3004 noxas,
363 2944 418 2995 hec
433 2954 486 2995 erat
502 2945 575 3002 alba,
593 2944 669 2993 dedit.
700 2947 704 2954 ⁴
793 2954 843 3006 130
