1975 3700
176 245 249 339 368
287 243 330 314 P.
358 242 551 312 Ονιυιι
580 239 829 310 Nasonis

146 375 889 450 ‹me-&amb

233 495 577 562 EPISTOLA
638 495 765 558 xvr.

276 606 362 681 Ἀυ
403 618 725 680 ruminum.

176 733 318 849 Iuturna
330 830 338 856 ,
355 796 411 863 quid
423 798 516 846 laceras
527 793 631 846 Nasonis
647 793 750 845 carmina
765 795 832 862 rapti
843 793 856 844 ἓ

213 869 271 920 Νοιι
287 869 348 921 solet
366 870 470 937 ingeniis
485 869 572 918 summa
589 885 681 918 nocere
698 869 759 918 dies.

176 941 297 1010 Famaque
311 942 362 1008 poti
380 944 474 993 cineres
490 941 569 1008 major
582 943 651 992 venit
664 957 672 992 t
686 941 710 992 ὅ(
726 941 785 992 milri
800 957 897 992 nomen

212 1015 284 1066 Tunc
301 1033 417 1082 quoque,
435 1013 490 1065 crim
504 1015 565 1066 vivis
582 1031 770 1072 aunumerarer,
788 1027 854 1064 erut.

152 1103 166 1152 5
182 1085 244 1139 (Irim
260 1089 327 1140 soret
344 1091 369 1140 ἃ
385 1089 500 1146 Marsus,
520 1089 647 1156 magnique
663 1087 775 1138 Rabirius
791 1087 865 1146 oris,

214 1155 348 1228 Iliacusque
363 1161 468 1219 Macer,
485 1161 644 1228 sidereusque
662 1159 749 1211 Pedo:

177 1234 228 1293 Et,
246 1235 289 1302 qui
299 1234 420 1287 lunonem
436 1233 529 1284 laesisset
544 1232 568 1284 in
585 1233 711 1292 Hercule,
731 1231 836 1292 (laruas

213 1305 315 1360 Junonis
332 1309 352 1358 si
367 1325 417 1358 nou
432 1307 480 1374 jam
497 1322 571 1376 gener
588 1307 629 1358 ille
647 1307 722 1358 soret.

176 1378 277 1448 Quique
294 1381 362 1431 dedit
377 1380 448 1431 Latio
465 1397 562 1430 carmen
579 1381 661 1448 regale
678 1380 806 1439 Severuss

135 1470 168 1506 ro
215 1453 246 1505 Et
264 1470 317 1503 cum
334 1454 413 1504 subtili
429 1452 523 1504 Priscus
540 1465 644 1520 uterque
660 1452 749 1506 Numa.

178 1525 277 1592 Quique
287 1529 327 1576 vel
338 1527 466 1594 imparibus
476 1526 582 1578 numeris
593 1559 601 1586 ,
612 1525 732 1578 Montane
742 1559 750 1585 ,
761 1526 803 1576 vel
815 1524 893 1593 aquis

213 1599 307 1650 sufficis
320 1617 330 1658 3
346 1599 483 1668 &gemino
498 1600 604 1650 carmine
619 1616 708 1650 nornen
722 1599 809 1650 habes.

175 1671 207 1722 Et
221 1673 261 1738 qui
277 1671 408 1739 Penelopae
422 1672 556 1723 rescribere
572 1671 642 1738 iussit
658 1671 779 1740 Ulyllen,

165 1789 175 1801 ,
212 1746 338 1795 Errantem
355 1745 419 1796 saevo
435 1762 479 1811 per
496 1745 544 1796 duo
560 1745 630 1797 luslra
647 1747 726 1805 mari,

134 1834 164 1885 15
179 1817 277 1886 Quique
294 1820 357 1870 suam
374 1819 515 1879 Troezena,
532 1819 746 1887 imperseslurnque
761 1817 857 1871 dierum

211 1893 328 1944 Deseruit
344 1893 421 1944 celeri
435 1895 514 1945 morte
532 1892 634 1945 Sabinus
651 1910 724 1961 opus.

176 1966 318 2033 Ingeniique
332 1966 367 2017 sui
384 1965 459 2017 diuus
477 1966 623 2035 cognomine
639 1966 752 2035 Largus,

215 2037 311 2089 Gallica
326 2040 367 2105 qui
384 2037 516 2109 Phrygium
533 2040 601 2090 duxit
617 2040 716 2090 inarva
732 2040 824 2089 senem.
847 2084 851 2089 .

149 2111 247 2178 Quique
259 2113 323 2162 canit
331 2112 447 2162 domitam
458 2112 601 2163 Camerinus
612 2114 642 2163 ab
652 2110 761 2163 Hercule
769 2111 889 2179 Trojam:

130 2200 167 2239 20
215 2184 314 2253 Quique
331 2186 372 2237 sus
386 2202 476 2235 nornen
493 2185 604 2253 Phyllide
621 2186 714 2236 Tuscus
730 2186 817 2237 hahet.

175 2256 332 2329 velivolique
346 2260 416 2309 maris
433 2271 523 2317 vates,
542 2260 580 2309 cui
597 2260 697 2309 credere
714 2258 795 2326 possis

212 2331 323 2383 Carmina
341 2334 459 2384 caeruleos
475 2332 632 2407 composuisse
649 2331 733 2384 Deos.

177 2404 275 2473 Quique
291 2407 355 2458 acies
370 2406 492 2474 Libycas,
510 2404 666 2472 Romanaque
682 2406 789 2473 proelia,
808 2402 889 2463 ‹fixitr

214 2480 244 2529 Et
260 2479 373 2539 Marius,
390 2480 471 2547 scripti
488 2479 575 2529 dexter
591 2479 615 2529 in
633 2496 703 2531 omne
719 2496 805 2548 genus.
877 2520 879 2528 .

133 2566 165 2615 25
178 2551 365 2620 Trinacriusque
381 2554 427 2603 suae
444 2550 573 2603 Perseidos
589 2552 689 2612 atrslor,
706 2551 734 2604 δι
749 2552 833 2602 auslor

212 2626 348 2677 Tantalidae
364 2627 480 2685 reducis,
499 2624 719 2693 Tyndaridosque,
736 2625 831 2691 Lupus·

176 2698 208 2749 Et
222 2700 262 2766 qui
278 2698 408 2749 Maeoniam
424 2698 550 2750 Phaeacida
566 2698 659 2756 vertit,
681 2696 708 2749 δι
724 2702 771 2748 una

213 2764 345 2822 Pindaricae
362 2771 494 2835 fidicentu
509 2788 626 2839 quoque,
644 2771 727 2830 Rufe,
743 2772 815 2838 lyrae.

175 2844 294 2913 Musaque
309 2844 432 2909 Turrani,
449 2844 547 2913 tragicis
564 2844 643 2894 innixa
660 2844 806 2903 cothurnis,

133 2931 166 2981 30
216 2918 248 2969 Et
264 2932 305 2971 tua
323 2934 377 2969 eum
395 2918 466 2970 socco
478 2916 567 2978 Musa,
583 2916 695 2978 Melisse,
714 2916 786 2968 levis.
