1975 3700
219 234 292 286 100
328 212 369 280 P.
399 212 593 284 ortam
619 216 856 290 Naaours

214 333 271 385 Alta
287 331 352 400 jac'et
366 331 424 382 valli
439 333 510 400 super
525 349 568 384 ora
582 333 718 399 Typho'e'os
733 333 830 397 AEtne,

252 405 329 474 Cujus
345 407 461 457 anhelatis
478 405 573 474 ignibus
589 406 659 455 ardet
674 407 770 458 humus.

215 480 269 532 Illic
283 481 394 530 accendit
411 480 579 547 geminar'pro
596 480 704 546 lampade
718 481 810 546 pinua3

252 553 317 602 Hinc
332 553 428 604 Cereris
443 553 513 602 sacris
529 569 593 601 nunc
609 568 706 619 quoque
721 557 786 604 taeda
800 555 891 610 datur.

152 641 203 692 495
216 625 255 677 Est
270 626 354 691 specus
371 627 437 675 exesi
454 625 568 674 struitur&
583 627 684 690 pumicis
700 628 788 692 asper3

251 701 309 748 Non
325 699 416 748 homini
431 699 519 765 regio,
538 715 588 747 non
603 699 714 748 adeunda
729 700 808 750 ferae:

216 771 275 838 Qud
290 773 359 822 simul
375 789 403 822 ac
418 774 508 829 venit,
526 771 633 822 frenatos
649 773 758 822 curribus
772 791 873 842 angues

159 878 166 895 .
252 845 355 914 Jungit,
375 839 401 895 δι
416 860 541 910 aequoreas
557 845 623 894 sicca
637 857 747 909 pererrat
761 863 850 912 aquas.

215 917 305 987 Effugit
321 919 346 969 dt
363 919 447 984 Syrtes
459 918 513 976 ,·&
526 929 571 976 te,
588 915 701 966 Zanclaea
717 917 846 986 Charybdi
859 941 869 979 ς
922 923 927 928 ’

155 1009 206 1056 500
254 992 363 1050 Etrus,
382 991 473 1048 Nisaei,
490 991 604 1056 naufraga
617 989 739 1049 monstra,
757 1007 832 1042 canes
846 1013 857 1052 3

216 1066 409 1130 Hadriacumque
420 1075 505 1130 patens
516 1062 564 1112 late
576 1095 584 1122 ,
602 1063 765 1130 bimaremque
776 1065 934 1119 Corinthon.

252 1139 291 1188 sic
306 1139 374 1186 venit
390 1139 420 1186 ad
436 1137 538 1201 potius,
558 1136 640 1186 Attica
656 1149 740 1195 terra,
758 1151 826 1189 tuos.

215 1210 264 1262 Hic
279 1209 380 1276 prlmdm
395 1209 455 1260 sedit
471 1210 553 1276 gelido
569 1209 712 1265 mestissima
727 1210 792 1262 saxo.

188 1341 190 1346 Ι
253 1283 315 1334 lllud
332 1283 477 1349 Cecropidae
492 1299 554 1331 nunc
570 1299 668 1348 quoque
683 1284 748 1333 triste
763 1299 871 1338 vorant.

156 1373 205 1424 505
214 1358 267 1409 'Sub
285 1355 349 1407 Jove
365 1357 459 1405 duravit
472 1357 554 1405 multis
569 1356 668 1406 immota
681 1357 785 1417 diebus,

188 1449 191 1456 ·
253 1431 286 1479 Et
300 1428 374 1478 Lunae
391 1429 504 1493 patiens,
526 1430 553 1479 dt
567 1429 679 1494 pluvialis
695 1447 770 1496 aqrrae.

215 1506 234 1555 F
236 1520 276 1554 ors
287 1502 326 1551 sua
333 1503 426 1567 'cuique
436 1503 492 1552 loco
503 1501 552 1552 est:
562 1519 612 1568 quo
622 1520 685 1552 nunc
695 1503 805 1554 Cerealis
814 1505 933 1563 Eleusin,

252 1577 352 1627 Dicitur
364 1577 413 1624 hoc
426 1574 498 1624 Celei
510 1591 565 1624 rura
581 1575 650 1625 fuisse
666 1577 736 1626 senis.

216 1651 260 1702 Ille
278 1651 374 1703 domum
392 1648 510 1716 glandes,
531 1648 672 1715 excussaque
687 1665 754 1698 mora
770 1652 894 1711 rubetis,
914 1661 918 1666 '

106 1751 110 1758 ·
156 1741 206 1790 510
255 1723 359 1781 Portet,
378 1724 404 1774 &
419 1722 505 1771 arsuris
520 1722 587 1771 arida
602 1723 666 1788 ligna
681 1722 753 1772 focis.

217 1799 275 1848 Filia
291 1813 364 1865 parva
381 1796 437 1845 duas
453 1795 580 1863 redigebat
594 1811 654 1860 rupe
670 1796 796 1861 capellata
880 1797 885 1806 '

255 1872 288 1920 Et
304 1882 374 1920 tener
390 1870 414 1918 in
429 1868 498 1917 cunis
509 1867 581 1919 filius.
592 1885 657 1936 aeger
673 1881 734 1919 erat.

217 1944 317 2002 Mater,
331 1942 365 1991 ait
380 1942 468 2008 virgo,
487 1937 575 2003 (mota
590 1941 625 1991 est
639 1942 694 1992 Dea
708 1943 807 1993 nomine
821 1947 931 2015 matris)

255 2015 323 2079 Quid
336 2015 394 2064 sacis
406 2015 431 2063 in
446 2014 501 2063 solis
515 2014 655 2065 incomitata
667 2014 752 2083 jugis?

158 2089 315 2155 515Reslitit
331 2088 356 2139 dt
371 2088 470 2153 senior,
488 2089 596 2153 quamvis
610 2105 672 2139 onur
686 2090 816 2157 orgen&
830 2105 913 2153 orat,

254 2163 330 2214 Tecta
343 2161 390 2211 suae
404 2162 486 2211 subeat
498 2164 716 2228 quantulacumque
730 2162 798 2223 casa.

217 2238 262 2289 illa
275 2248 348 2304 negat
361 2252 368 2286 ε
380 2235 503 2285 simulirat
517 2252 606 2292 anum,
623 2236 741 2301 mittique
757 2238 864 2301 capillos

254 2310 390 2361 Presserat:
402 2308 494 2357 instanti
509 2309 567 2357 talia
582 2308 644 2358 dina
658 2310 746 2360 refert.
794 2333 797 2339 ·

217 2384 304 2450 Sospes'
320 2398 378 2438 ras,
393 2381 534 2446 semperque
548 2393 635 2447 parens
650 2382 725 2437 :milri
737 2379 785 2431 filia
797 2395 872 2449 rapta
887 2384 933 2435 est.

158 2446 209 2521 520
257 2456 314 2505 Heu
328 2454 334 2503 l
350 2454 436 2503 melior
449 2453 539 2519 quanto
551 2454 601 2504 sors
617 2466 659 2505 tua
673 2455 738 2504 sorte
752 2454 826 2503 mei!

172 2526 931 2595 Dixit=&‚utlacrymae,nequeenimlacrymareDeorumcti,

255 2601 357 2652 Decidit
371 2601 395 2650 in
406 2600 503 2665 tepidos
518 2600 596 2650 lucida
607 2612 676 2668 gutta
687 2600 763 2651 tinus.

217 2677 235 2727 F
238 2677 289 2727 lent
300 2674 406 2741 pariter,
423 2675 509 2724 molles
519 2674 591 2723 animi
603 2706 612 2731 ‚
625 2675 745 2741 virgoque
761 2673 903 2741 senexque.

253 2749 273 2800 E
285 2749 370 2816 quibus
385 2748 436 2797 lraec
452 2746 506 2811 justi
518 2748 594 2796 verba
605 2747 674 2797 suere
690 2747 761 2801 senis.

157 2841 206 2891 525
219 2824 259 2875 Sic
270 2823 315 2873 tibi
328 2856 335 2881 ,
352 2838 421 2887 quam
432 2831 525 2885 raptam
539 2820 666 2885 quereris,
683 2820 716 2869 rit
725 2818 773 2869 fitia
789 2819 873 2887 sospes
885 2840 896 2880 ς

253 2898 329 2965 Surge
341 2929 350 2956 ‚
368 2911 414 2947 nec
428 2894 523 2963 exigue
535 2892 632 2960 despice
645 2892 710 2947 tetta
724 2892 794 2963 case.
