1975 3700
351 271 535 342 Ira-as.
681 270 797 368 .385

86 388 124 442 Sit
140 384 188 442 tibi¹
200 387 306 458 conjugii
323 405 374 441 nox
388 389 465 458 prima
480 386 611 440 norissima
624 387 702 450 vitae,

123 463 224 529 Eupolis
238 466 287 514 hoc
301 465 393 530 periit,
410 463 437 513 bt
453 478 517 513 nova
535 475 628 528 nupta,
642 465 726 515 modo.
806 479 859 532 530

84 535 170 602 thue
186 537 355 587 cothurnatum
372 535 482 586 cecidiffe
492 535 654 604 Lycophrona
669 549 787 599 narrant,

123 609 222 659 Haereat
238 609 341 659 inlibris
356 608 404 658 fixa
419 609 505 676 sagitta
519 609 577 659 tuis.

85 680 138 737 Aut
152 683 219 732 lacer
232 682 257 732 in
271 682 338 733 silvis
351 682 459 731 manibus
472 681 582 750 spargare
596 691 692 734 tuorum
703 714 712 743 ,

124 753 221 820 Sparsus
238 768 266 805 ut
279 754 313 805 est
325 755 419 805 Thebis
433 771 512 821 angue
528 765 624 805 creatus
638 771 695 806 avo.

85 825 181 894 Perque
198 829 265 879 feros
281 839 394 887 montes,
412 839 483 878 tauro
497 828 623 893 rapiente,
642 828 763 892 trahatis,
796 867 798 872 .
807 845 819 898 5
824 844 857 899 35

124 901 161 951 Ut
173 900 248 951 traila
263 900 298 951 est
312 899 403 967 conjux
417 900 544 965 imperiosa
561 900 631 970 Lyci.

86 970 212 1040 Quodque
226 973 275 1024 sue
287 972 349 1040 paffa
363 973 398 1023 est
412 975 495 1040 pellex
509 973 585 1024 invita
600 973 695 1036 sorori,

125 1046 228 1096 Excidat
242 1058 300 1098 aute
313 1047 389 1114 pedes
402 1047 482 1114 lingua
496 1045 586 1096 reseda
602 1058 668 1097 tuos.

86 1118 210 1170 Conditor
224 1133 252 1170 ut
264 1121 357 1178 tarde,
371 1119 460 1170 lllaesus
474 1119 638 1186 cognomine,
653 1120 774 1190 Cyrrhae,

125 1192 201 1243 Orbis
218 1193 243 1242 in
259 1191 389 1243 innumeris
402 1192 526 1242 inveniare
542 1191 612 1243 locis.
806 1209 860 1261 540

85 1264 165 1332 inque
179 1265 227 1315 tuis
244 1266 346 1332 opifex,
365 1266 416 1314 vati
430 1265 495 1332 quod
511 1265 571 1315 lecit
583 1265 695 1326 Achaeo,

124 1339 206 1388 Noxia
220 1337 349 1390 luminibus
362 1337 451 1403 spicula
466 1337 555 1388 condat
570 1337 630 1403 apis.

86 1410 160 1462 Fixus
178 1411 204 1461 δι
220 1411 244 1460 in
261 1411 326 1462 duris
341 1411 445 1478 carparis
459 1409 550 1461 viscera
567 1410 646 1470 saxis,

124 1484 161 1533 Ut
176 1483 216 1533 cui
232 1483 324 1551 Pyrrha
340 1483 374 1536 sui
389 1483 439 1533 filia
454 1483 536 1533 fratris
551 1497 613 1534 erat.

22 1566 27 1572 “
84 1555 123 1610 Ut
135 1566 196 1623 puer
211 1556 380 1624 Harpagides,
397 1557 488 1606 referas
504 1558 613 1622 exempla
626 1557 758 1626 Thyestae,
805 1572 838 1627 54
843 1577 856 1627 ς

123 1631 201 1695 inque
215 1629 252 1679 tui
268 1631 343 1680 cesus
359 1629 452 1680 viscera
466 1629 540 1694 patris
556 1645 607 1679 eas.

85 1701 187 1754 Trunca
201 1717 291 1770 geras,
306 1702 370 1752 laevo
384 1702 498 1752 mutilatis
513 1702 620 1768 parribus
635 1702 712 1765 ense,

123 1774 213 1840 Qualia
229 1774 367 1825 Mimnermi
384 1776 490 1825 membra
507 1773 574 1824 fuisse
593 1775 685 1828 ferunt.

86 1847 303 1917 Utve'Syracosio
317 1847 442 1915 praallrieli
457 1847 528 1898 fauce
545 1847 645 1914 pnite,

124 1922 166 1971 sic
180 1922 263 1971 animae
276 1923 364 1989 laqueo
380 1922 414 1972 sit
428 1920 467 1971 via
483 1921 561 1971 clausa
573 1934 632 1972 tuaa-
804 1936 858 1992 '550

85 1995 190 2047 Nudave
208 1994 309 2062 derepta
323 2006 422 2061 pateant
436 2006 480 2047 tua
496 1990 586 2043 uiscera
601 1994 687 2061 pelle,

55 2119 58 2122 ,
124 2068 161 2117 Ut
178 2066 308 2135 Phrygium
325 2066 395 2133 cujus
409 2068 505 2116 nomina
520 2066 609 2117 flumen
622 2061 704 2120 habet.

86 2138 199 2192 Saxificae
213 2140 296 2191 videas
312 2140 396 2191 infelix
411 2156 454 2190 ora
470 2139 599 2199 Medusa,

126 2212 269 2278 Cephenum
285 2214 375 2263 multos
391 2230 444 2280 quae
461 2212 529 2262 dedit
543 2228 591 2291 una
605 2214 669 2263 neci.

86 2285 232 2338 Potniadum
244 2285 335 2336 morsus
346 2286 429 2335 subeas
441 2318 449 2342 ‚
461 2297 488 2335 ut
500 2283 629 2341 Glaucus,
644 2302 758 2352 equarum
770 2303 779 2339 a
808 2304 819 2352 5
826 2304 837 2352 5
844 2305 857 2354 5

125 2358 204 2424 Inque
218 2358 291 2409 maris
305 2358 373 2409 salias
387 2391 395 2416 ,
411 2356 521 2408 Glaucus
537 2370 565 2407 ut
581 2359 660 2417 alter,
679 2374 762 2425 aquas.

87 2433 174 2498 thue
191 2431 285 2481 duobus
300 2430 364 2481 idem
381 2431 448 2481 dialis
462 2431 536 2481 mode
552 2446 641 2481 nomen
657 2432 776 2494 habenti,

126 2502 265 2555 Praefocent
278 2504 363 2554 animae
381 2502 476 2554 Gnosia
490 2505 563 2555 malla
579 2506 652 2555 riam.

85 2577 238 2643 Solicitoque
253 2577 342 2636 bibas,
361 2577 438 2645 Anyti
457 2575 605 2627 dodlissimus
621 2576 679 2628 olim

114 2651 303 2716 imperturbato
319 2650 384 2717 quod
398 2649 459 2699 bibit
473 2666 517 2699 ore
532 2666 597 2700 reus.
805 2652 857 2719 560

86 2726 143 2775 Nec
157 2723 221 2782 tibi,
239 2723 259 2772 si
274 2724 330 2789 qnid
343 2740 426 2781 amas,
443 2722 538 2773 felicius
553 2723 671 2775 Hemone
685 2723 777 2779 cedat:

124 2797 208 2862 thue
223 2796 262 2845 sui
275 2796 423 2854 Macareus,
443 2796 477 2847 sio
488 2794 582 2862 potiare
598 2795 649 2847 tui.

86 2871 138 2926 Vel
146 2868 244 2926 videas,
254 2868 390 2935 quodiam,
400 2867 454 2918 calm
463 2868 563 2919 flammae
573 2869 655 2921 cunda
665 2882 792 2934 tenerent,

123 2942 148 2992 H
151 2942 259 2992 adoreus
277 2942 353 3007 patria
366 2942 427 3003 vidit
439 2943 470 2993 ab
483 2958 540 2997 arce
556 2958 628 3010 puer.

152 3014 237 3067 arma,
255 3014 319 3070 ιη.
711 2996 751 3070 'a
