1975 3700
470 808 948 898 OVIDII
1049 710 1675 896 ‘ASONI'S

365 1005 482 1124 T
544 1008 678 1125 R
755 1007 833 1125 1
915 1007 995 1126 s
1065 982 1189 1125 T
1239 1009 1318 1124 1
1395 958 1541 1132 U
1613 1004 1785 1122 M

701 1223 1204 1293 ·L113EJt
1330 1227 1411 1294 K

609 1395 1045 1461 ELEGIA
1126 1396 1520 1460 PRIMA.
1676 1405 1721 1440 0

367 1491 631 1609 Hunc
646 1573 839 1624 quoque
854 1556 914 1607 de
930 1553 1135 1615 Getic0,
1150 1555 1294 1607 nostri
1309 1554 1512 1606 studiose
1528 1591 1543 1616 ,
1566 1555 1784 1605 libellum

440 1629 605 1679 Litore
625 1663 642 1688 ‚
671 1629 928 1696 praemissis
955 1641 1184 1696 quattuor
1204 1629 1492 1699 adde‘meis.

366 1702 467 1752 Hic
490 1720 685 1769 quoque
707 1703 817 1753 talis
843 1703 938 1756 erit
955 1735 972 1762 ,
1007 1703 1157 1769 qualis
1179 1696 1393 1752 Fortuna
1415 1704 1598 1774 poetae.

441 1777 666 1826 invenies
695 1788 806 1826 toto
835 1775 1043 1826 carmine
1077 1775 1218 1826 dulce
1248 1776 1385 1824 nihil.
1449 1778 1464 1788 ‘

322 1864 348 1913 5
373 1848 568 1900 Flebilis
600 1849 845 1900 ut'noster
873 1848 1017 1900 status
1048 1847 1144 1912 est,
1178 1849 1246 1900 ita
1278 1847 1442 1900 flebile
1476 1862 1669 1921 cermen
1690 1867 1712 1910 3

442 1922 664 1973 Materiae
693 1923 868 1989 scripto
899 1923 1222 1973 conveniente
1252 1922 1367 1973 suae.

370 1995 567 2061 Integer
599 1996 651 2047 δε
678 1996 819 2047 laetus
851 1995 961 2045 laeta
995 1996 1046 2047 &
1076 1995 1304 2062 juvenilia
1338 1997 1470 2055 lusi3

444 2068 532 2117 Illa
562 2079 723 2119 tamen
756 2085 884 2118 nunc
916 2085 995 2118 me
1030 2068 1339 2135 composuisse
1376 2070 1532 2136 piget.

369 2140 442 2192 Ut
475 2141 666 2200 cecidi,
699 2142 836 2193 subiti
864 2158 1047 2209 perago
1078 2142 1319 2208 praeconia
1350 2142 1486 2191 cassis
1507 2158 1529 2199 3

286 2226 352 2263 ιο
445 2213 658 2281 Sumque
691 2214 960 2283 argumenti
993 2214 1216 2264 conditor
1244 2214 1342 2279 ipse
1378 2216 1494 2267 mei·

369 2286 535 2353 thue
563 2286 729 2353 jacens
758 2288 860 2355 rip&
890 2287 1070 2337 deflere
1105 2286 1348 2355 Caystrius
1377 2289 1481 2338 ales

450 2359 650 2411 Dicitur
678 2378 765 2411 ore
797 2361 924 2411 suam
958 2360 1217 2410 deficiente
1246 2376 1416 2409 necem
1437 2377 1457 2419 3

369 2432 452 2483 Sic
485 2450 578 2501 ego
601 2466 616 2492 ‚
645 2433 930 2486 Sannaticas
959 2433 1105 2501 longe
1138 2432 1383 2499 projeftus
1410 2434 1461 2483 in
1488 2449 1598 2484 oras
1617 2464 1636 2493 ‚

445 2504 616 2557 Efficio
646 2506 842 2555 tacitum
872 2522 935 2555 ne
965 2507 1081 2558 mihi
1109 2506 1252 2557 funus
1288 2519 1389 2557 eat.

289 2594 310 2631 x
324 2594 348 2643 5
374 2579 591 2630 Delicias
621 2579 662 2629 si
693 2580 796 2645 quis
824 2579 1093 2646 lascivaque
1123 2580 1330 2630 carmina
1357 2579 1567 2646 quaerit,

447 2652 726 2702 Praemoneo
757 2669 1013 2720 numquam
1039 2653 1214 2718 scripta
1248 2653 1379 2720 quod
1410 2652 1490 2703 ista
1524 2655 1675 2721 legat.

371 2726 547 2792 Aptior
576 2724 687 2774 huic
729 2723 934 2786 Gallus,
970 2727 1225 2793 blandique
1260 2724 1537 2791 Propertius
1572 2728 1710 2777 oris:

443 2798 621 2866 Aptior
644 2831 659 2856 ,
692 2798 936 2867 ingenium
967 2816 1107 2860 come
1128 2832 1145 2857 ‚
1177 2799 1399 2849 Tibullus
1433 2800 1544 2849 erit.

369 2873 532 2938 Atque
561 2871 742 2921 utinam
778 2889 978 2923 numero
1012 2888 1072 2922 ne
1104 2889 1195 2923 nos
1228 2872 1427 2923 effemus
1456 2873 1505 2922 in
1537 2870 1626 2921 isto
1654 2870 1667 2919 !

281 2960 349 2996 20
443 2944 543 2997 Hei
566 2944 682 2996 mihi
717 2945 731 2996 Ξ
770 2962 856 2997 cur
885 2962 1110 3013 umquam
1129 2944 1270 2997 Musa
1298 2946 1463 3014 jocata
1491 2961 1601 2999 mea
1633 2940 1746 2996 est?
