1975 3700
141 265 445 378 Fnsr'onvn
470 309 668 381 Lrnll.
717 335 765 408 51

63 428 137 479 Curio
151 428 262 496 legitimis
277 443 341 476 nunc
356 427 496 478 Fornacalia
510 429 591 479 verbis

96 501 216 551 Maximus
229 500 332 558 indicit,
350 517 395 551 nec
412 501 469 552 slata
484 501 548 550 saera
561 500 630 552 facit.

62 575 136 642 Inque
151 575 233 633 Foro,
249 574 324 622 multi
337 575 426 624 circum
439 574 563 640 pendente
573 575 680 638 tabelli,

96 649 208 716 Signatur
219 647 286 697 certi
297 645 370 697 Curia
382 663 483 716 quaque
497 647 566 699 noti.
778 666 830 719 530

60 721 187 786 stultaque
198 737 252 787 pars
263 721 347 786 populi
358 753 366 780 ‚
386 738 438 788 quae
448 722 480 771 sit
493 721 533 771 sua
544 721 627 783 curia,
646 723 723 776 nescit
729 741 740 786 3

68 841 71 850 ,
96 795 145 844 Sed
156 794 213 844 lacit
228 794 337 844 extremi
348 793 414 844 sacra
427 795 505 844 relata
518 795 568 847 die.

58 866 133 918 EST
144 867 223 917 honor
236 867 261 916 δι
271 868 378 917 tumulis.
391 867 488 916 Animas
499 868 594 932 placate
604 882 717 936 paternas
728 905 737 932 ,

97 937 220 1006 Parvaque
231 939 255 989 in
266 938 388 989 exstinstas
399 957 499 990 munera
508 939 571 990 ferte
581 959 662 1009 pyras.

59 1012 136 1065 Parva
148 1025 236 1078 petunt
246 1029 326 1062 manes
340 1013 436 1078 :pietas
450 1029 496 1080 pro
509 1013 584 1063 divite
596 1027 663 1080 grata
678 1015 711 1067 est
779 1033 793 1082 5
797 1031 809 1083 3
816 1033 829 1081 5

95 1087 199 1136 Munere
214 1101 221 1138 t
232 1103 281 1135 non
291 1085 374 1136 avidos
387 1085 447 1154 Styx
458 1087 532 1136 habet
541 1086 587 1135 ima
597 1088 678 1140 Deos.

58 1159 153 1228 Tegula
167 1158 280 1225 projeslis
295 1158 350 1208 satis
365 1159 398 1209 esi
411 1159 491 1209 velata
506 1159 623 1220 coronis,

95 1233 126 1283 Et
140 1233 223 1298 sparsae
238 1233 319 1299 fruges
333 1266 341 1290 ,
356 1249 475 1300 parcaque
489 1233 551 1282 mica
564 1233 637 1292 salis;

58 1306 134 1372 Inque
146 1323 213 1356 mero
224 1306 315 1354 mollita
326 1305 404 1356 Ceres
416 1339 424 1364 ‚
444 1307 565 1373 violaeque
575 1307 669 1358 solute.

96 1379 156 1429 llaec
172 1380 258 1428 habeat
270 1377 347 1428 medii
361 1377 420 1428 testa
432 1379 514 1430 relista
527 1378 576 1429 vii.
780 1398 830 1446 540

57 1454 112 1504 Nec
126 1450 216 1516 majora
227 1465 285 1501 veto
297 1467 304 1502 :
317 1451 357 1501 sed
370 1453 395 1502 δι
405 1452 442 1501 his
452 1452 575 1519 placabilis
585 1454 669 1504 umbra
678 1452 721 1506 est.

94 1526 165 1575 Adde
176 1541 261 1592 preces
275 1525 397 1590 positis&
414 1525 453 1574 sua
467 1526 543 1575 verba
553 1524 625 1577 fotis.

57 1599 131 1650 Hunc
145 1615 237 1648 morem
247 1595 337 1648 AEneas
348 1631 355 1657 ,
373 1597 469 1664 pietatis
483 1599 586 1648 idoneus
596 1597 697 1661 audet,

93 1673 184 1722 Attulit
198 1672 222 1720 in
238 1683 332 1729 terras,
350 1671 409 1736 julie
421 1665 505 1720 Latine
517 1703 525 1730 ,
539 1684 604 1721 tuas.

56 1746 102 1798 ille
113 1745 187 1808 patris
199 1743 281 1794 Genio
296 1741 418 1792 sollemnia
432 1744 493 1793 dona
505 1742 619 1803 serebat3
779 1761 828 1810 545

94 1818 159 1869 Hinc
171 1818 256 1884 populi
268 1817 328 1867 ritus
344 1815 465 1867 edidicere
480 1816 543 1883 pios.

53 1894 90 1945 nr
101 1891 220 1959 quondam
232 1923 240 1950 ,
258 1890 313 1940 dnm
324 1893 394 1957 longa
407 1904 494 1959 gerunt
505 1890 652 1958 pugnacibus
662 1890 732 1943 armis

92 1966 179 2023 bella,
199 1964 340 2016 Parentales
355 1964 482 2015 deseruere
496 1965 559 2015 dies.

55 2042 114 2092 Non
124 2041 221 2107 impune
232 2038 278 2089 suit
290 2054 296 2088 τ
309 2056 362 2089 narn
374 2038 462 2088 dicitur
475 2039 555 2088 umine
565 2038 595 2087 ab
604 2036 650 2089 luo

92 2113 169 2163 Roma
186 2112 322 2161 suburbanis
337 2111 457 2162 incaluill'e
472 2112 548 2179 rogis.
778 2126 830 2176 550

53 2187 106 2240 Vix
119 2186 229 2253 equidem
245 2186 319 2235 credo
331 2202 338 2236 ε
351 2184 421 2253 bullis
437 2184 508 2234 exisse
523 2185 652 2243 feruntur,

73 2319 77 2327 Ι
93 2258 124 2309 Et
139 2259 219 2309 tacitae
231 2259 306 2325 questi
319 2271 430 2323 tempore
442 2257 518 2306 nostis
533 2256 582 2306 avi.

54 2331 151 2399 Perque
166 2332 217 2382 vias
228 2332 319 2391 Urbis,
338 2331 468 2396 Latiosque
481 2328 577 2379 ululasse
587 2345 631 2394 per
641 2346 714 2399 agros
725 2364 733 2391 ,
749 2358 753 2362 -

92 2405 226 2455 Deformes
238 2405 345 2464 animas,
363 2406 449 2473 vulgus
465 2404 555 2461 inane,
570 2403 661 2453 serunt.

52 2477 110 2531 Posi
121 2496 150 2528 ea
160 2478 277 2543 preteriti
288 2472 385 2528 tumulis
396 2478 531 2527 redduntur
541 2478 647 2526 honores
657 2492 667 2535 3
780 2491 792 2540 5
798 2492 831 2547 55

93 2550 260 2617 Prodigiisque
273 2552 341 2601 venit
355 2552 528 2616 funeribusque
544 2549 641 2600 modus.

51 2624 123 2681 Dum
133 2636 215 2672 tamen
225 2625 277 2672 haec
291 2622 369 2682 fiunt,
387 2623 465 2671 viduae
481 2622 566 2673 cessate
580 2623 689 2689 puellas

91 2695 221 2762 Exspeslet
235 2712 308 2762 puros
319 2698 388 2761 pinea
400 2696 462 2746 taeda
478 2696 539 2746 dies.

50 2771 111 2825 Nec
126 2771 189 2828 tibi,
204 2787 258 2836 quae
272 2769 365 2835 cupidae
379 2780 470 2817 matura
481 2768 595 2819 videbere
605 2765 695 2828 matri,

93 2842 184 2893 Comat
198 2844 317 2911 virgineas
328 2842 390 2893 hasla
404 2858 505 2893 recurva
519 2859 610 2893 cumas.
777 2841 828 2906 560

51 2914 146 2968 Conde
156 2929 228 2975 tuas,
247 2917 382 2985 Hymenaee
394 2951 402 2975 ‚
419 2916 485 2966 faces
497 2951 504 2975 ,
526 2916 552 2968 δι
562 2916 591 2965 ab
605 2914 700 2981 ignibus
710 2914 767 2966 atris

90 2990 172 3044 Aufer
182 3006 190 3044 ς
201 2990 291 3043 babent
304 2991 365 3063 alias
376 2988 452 3047 malle
466 2990 575 3058 sepulcra
588 2989 689 3109 lacere
703 3061 718 3075 ..

644 3101 646 3104 .
702 3080 720 3132 ¹1
