1975 3700
153 242 604 312 fraronvnrhra.
632 247 673 311 V.
714 262 782 314 121

78 361 146 411 Talia
162 363 283 412 dicentem
299 362 388 411 tacitus
403 361 526 413 mirabar:
539 374 565 412 at
578 363 639 422 illa,
796 377 830 425 27
835 380 847 426 5

8 479 9 482 ,
114 435 158 486 Jus
174 435 218 484 tibi
235 435 362 493 discendi,
382 435 402 484 si
419 451 466 501 qua
483 435 606 502 requiris,
624 437 667 486 ait.

78 505 144 565 Dic,
162 508 237 566 Dea,
254 509 382 566 ludorum,
402 508 534 573 respondi,
552 526 605 575 quae
618 510 650 559 rit
666 507 747 578 origo.

112 581 164 631 Vix
180 581 243 630 bene
258 582 396 640 desieram,
417 582 501 632 retulit
516 582 557 630 illa
573 583 638 632 mihi.

77 652 167 702 Cetera
182 655 282 705 luxuriae
299 655 405 704 nondum
420 655 574 705 instrumenta
589 656 725 724 vigebantt

113 726 163 776 Aut
179 743 272 793 pecus,
289 739 331 778 aut
347 729 419 778 latam
436 728 504 777 dives
520 729 624 778 habebat
638 731 746 779 humum.
796 728 848 780 280

76 799 139 850 Hinc
158 801 230 850 etiam
246 803 375 866 locuples,
393 800 448 849 hinc
466 800 515 866 ipsa
527 802 629 867 pecunia
645 803 704 853 diua
721 803 774 854 est:

112 873 161 922 Sed
177 872 225 940 jam
241 875 271 923 de
287 873 367 924 vetito
385 873 485 940 quisque
502 876 601 939 parabat
615 891 684 941 opes.
780 933 789 946 .

75 946 186 998 Venerat
202 948 226 996 in
243 963 335 996 morem
352 947 437 1012 populi
454 947 583 1013 depascere
602 947 672 1000 saltus
682 966 693 1006 ;
774 993 778 1004 ,

112 1019 189 1086 ldque
206 1021 247 1082 diu
263 1021 354 1077 licuit,
374 1035 493 1086 poenaque
510 1021 575 1069 nulla
590 1020 646 1072 suit.

74 1092 305 1147 Vindice‘servabat
319 1093 387 1142 nullo
401 1092 441 1142 sua
457 1093 552 1160 publica
568 1095 654 1161 vulgus
668 1111 677 1152 3
793 1095 846 1158 285

111 1165 212 1232 Jamque
229 1166 254 1216 in
270 1167 367 1232 privato
381 1166 478 1232 pascere
494 1167 580 1217 inertis
597 1179 659 1218 erat.

74 1239 155 1290 Plebis
172 1241 201 1288 ad
215 1239 309 1290 AEdiler
328 1241 406 1290 delata
422 1240 521 1290 licentia
538 1239 594 1290 talis

110 1311 230 1362 Publicioa
243 1329 250 1364 ε
263 1313 354 1376 animus
371 1313 448 1364 defuit
463 1325 521 1363 ante
536 1313 604 1363 viris.

71 1385 134 1436 Rem
151 1387 254 1453 populus
273 1387 382 1452 recipit:
399 1386 510 1437 molliam
527 1387 621 1436 subiere
638 1399 767 1439 nocentes·

109 1460 251 1512 Vindicibus
268 1461 332 1510 laudi
348 1459 444 1528 publiea
460 1477 517 1510 cura
534 1460 590 1510 stur.
793 1475 846 1524 29³

71 1533 164 1584 Mulsla
181 1533 235 1584 dara
251 1533 332 1583 estex
349 1545 418 1598 parte
433 1533 491 1582 mihi
504 1549 512 1583 r
525 1549 661 1600 magnoque
678 1535 763 1586 favore

108 1606 223 1658 Viilores
238 1606 308 1656 ludos
323 1605 444 1656 instituere
461 1621 549 1656 novos.

70 1678 144 1729 Parte
160 1680 243 1728 locant
259 1679 366 1736 clivum,
384 1679 424 1744 qui
438 1691 498 1728 tune
510 1687 564 1728 erat
578 1679 651 1728 ardua
665 1695 738 1745 rupes
750 1697 760 1738 ;

108 1753 178 1802 Utile
198 1763 261 1801 nunc
278 1751 326 1800 iter
338 1750 393 1809 eli,
413 1749 594 1818 Publiciumque
608 1765 707 1802 vocant.

69 1825 160 1877 Annua
175 1824 323 1875 credideram
341 1823 474 1891 speilacula
489 1824 570 1883 satire
587 1826 703 1893 negavit:
776 1840 840 1889 υς

107 1899 209 1951 Addidit
227 1899 253 1951 δε
270 1898 336 1953 diuis
352 1900 427 1949 altera
443 1900 518 1949 verbe
533 1899 588 1949 suis.

69 1975 123 2023 Nos
136 1987 235 2041 quoque
248 1973 325 2040 tangit
336 1972 434 2023 honos:
449 1971 514 2023 sesiir
528 1972 660 2040 gaudemus
672 1973 698 2025 δι
708 1973 752 2022 aris
765 1990 775 2031 3

104 2048 237 2113 Turbaque
256 2044 373 2097 Caelestes
390 2046 513 2097 ambitiosa
526 2046 614 2095 sumus.

67 2120 139 2187 Saepe
151 2121 222 2171 Deos
238 2112 322 2187 aliquis
337 2120 463 2185 peccando
479 2120 539 2171 serit
553 2120 667 2188 iniquos;

104 2194 135 2244 Et
152 2211 197 2259 pro
215 2194 306 2245 deliilis
322 2193 397 2243 hostia
413 2194 500 2242 blanda
515 2192 571 2242 suit.
788 2190 841 2257 3102

65 2269 136 2333 Saepe
152 2267 240 2319 lovem
256 2266 326 2323 vidi,
345 2264 399 2315 erim
415 2265 462 2332 jam
480 2264 521 2315 sua
534 2266 633 2315 mittere
648 2266 725 2315 vellet
840 2276 846 2285 “

102 2332 232 2397 Fulmina,¹
252 2350 307 2389 rure
324 2340 401 2397 dato,
421 2337 549 2389 sustinuisse
564 2354 670 2387 manum.

62 2413 100 2465 Ar
118 2414 138 2463 si
155 2413 318 2479 negligimur,
336 2412 428 2481 magnis
444 2410 531 2476 injuria
546 2412 624 2478 poenis

103 2485 232 2537 Solvitur:
247 2484 371 2551 &justum
388 2486 494 2551 praeterit
509 2486 544 2536 ir'a
557 2486 667 2535 modum.

62 2558 169 2624 Respice
184 2557 328 2607 Thesliaden
343 2574 351 2608 t
365 2558 465 2608 flammis
483 2558 618 2609 absentibus
633 2557 700 2609 arsit.
785 2568 817 2622 30
823 2572 834 2619 5
909 2558 912 2563 ’

104 2631 183 2681 Causa
201 2630 254 2689 est,
273 2631 339 2697 quod
354 2630 459 2681 Phoebes
475 2646 517 2680 ara
533 2632 584 2682 sine
597 2633 653 2700 igne
671 2632 727 2681 suit.
807 2682 810 2686 ,
836 2631 839 2635 ’

62 2705 170 2771 Respice
187 2704 354 2753 Tantaliden:
368 2704 452 2753 eadem
469 2702 525 2753 Dea
540 2706 596 2755 vela
611 2707 720 2755 tenebat.

102 2778 182 2846 Virgo
196 2777 249 2835 est,
266 2778 291 2829 δι
309 2776 401 2843 spretos
417 2778 453 2827 bia
468 2790 549 2829 tamen
563 2779 614 2829 ulta
630 2778 710 2829 socos.

60 2852 202 2919 Hippolyte
219 2850 323 2909 infelix,
341 2851 418 2901 velles
436 2850 533 2901 coluisse
546 2853 665 2911 Dionen,

102 2923 165 2974 Ctim
184 2924 338 2979 consternatis
354 2925 491 2993 diripereris
508 2926 588 2993 equis·
787 2936 839 2988 310

130 2997 215 3051 Tomm
233 2996 298 3052 111·
714 2996 732 3046 F
