1975 3700
200 275 274 327 210
316 254 358 323 P.
388 255 583 326 Ονιυιι
608 252 840 329 Nasonis

87 422 91 431 .
199 377 253 431 Nec
264 376 336 434 leve,
345 392 391 426 nec
401 374 479 426 t'utum
490 373 539 433 est,
550 390 598 441 quo
608 373 658 425 tint
667 391 737 435 mea,
747 376 850 437 dicere,
860 379 924 431 casu

235 448 335 499 Lumina
350 446 435 499 funesti
452 446 546 499 conscia
564 448 625 497 fadia
641 449 705 498 mali.

200 522 321 588 Mensque
337 520 498 579 reformidat,
514 521 646 581 veluusua
659 523 780 582 vulnera,
795 534 901 590 tempus

157 606 190 658 30
238 596 320 645 lllud:
337 594 502 645 &admonitu
518 592 545 643 fit
559 611 638 645 novus
653 594 704 661 ipse
720 595 802 645 dolor.

200 668 232 718 Et
245 684 399 734 quecumque
417 667 480 718 adeo
496 666 591 733 possunt
607 667 693 717 afferre
708 668 850 733 pudorem,

237 741 279 791 llla
294 742 345 810 tegi
362 738 427 795 caecd
443 740 541 791 condita
557 740 628 791 nodie
644 740 727 790 decet.

200 814 241 864 Nil
257 815 329 882 igitur
346 815 469 870 referam,
487 812 533 865 nisi
549 831 588 863 me
606 813 714 880 peccasse
728 830 737 872 ;
755 814 797 865 sed
812 813 860 865 ino

236 886 335 938 Praemia
351 900 455 954 peccato
471 888 536 937 nulla
553 889 630 954 petita
647 886 726 937 mihi:

156 972 188 1026 35
202 961 379 1029 stultitiamque
395 976 474 1013 meum
491 959 582 1011 crimen
598 959 688 1011 debere
705 959 811 1020 vocari,

236 1036 340 1085 Nomina
356 1035 377 1086 si
392 1034 455 1084 fadio
471 1033 575 1083 reddere
591 1050 650 1083 vera
665 1034 737 1084 uelis.

201 1107 264 1175 Quae
278 1110 298 1159 si
314 1126 363 1159 non
378 1108 411 1157 ita
426 1106 499 1175 sunta
516 1106 607 1166 alium,
623 1122 672 1173 quo
685 1105 782 1174 longius
796 1105 899 1165 absim,

236 1180 346 1246 Quaere,
364 1180 496 1231 suburbana
509 1180 562 1233 haec
578 1181 610 1232 sit
623 1180 683 1231 mihi
696 1191 782 1240 terra,
799 1181 897 1232 lotum.

197 1267 846 1342 eadm-ega>

260 1406 262 1412 ’
328 1386 585 1453 ELEGlA
625 1388 734 1453 VII.

240 1484 263 1517 τ

197 1483 244 1598 ᾗ
266 1560 339 1599 ant
356 1548 482 1600 salutatum
497 1545 577 1599 subitd
593 1561 703 1613 perarata
721 1546 835 1600 Perillam

235 1620 335 1683 Litere,
353 1624 467 1675 sermonis
482 1620 529 1671 fida
544 1620 648 1671 ministra
663 1621 721 1677 mei.

201 1691 250 1743 Aut
265 1694 329 1745 illam
342 1696 451 1747 invenies
464 1694 529 1745 dulci
545 1712 601 1745 cum
617 1708 694 1745 matre
710 1694 858 1757 sedentem,

236 1767 287 1818 Aut
301 1769 364 1821 inter
381 1770 455 1821 libros'
469 1767 627 1833 Pieridasque
640 1768 702 1821 suas.

176 1855 189 1904 5
203 1839 329 1909 Quidquid
343 1856 418 1913 aget,
436 1840 489 1894 edm
503 1855 529 1893 te
545 1841 625 1893 scierit
642 1839 752 1902 reniffe,
768 1841 897 1911 relinquet
911 1863 922 1898 t

235 1917 289 1966 Nec
299 1930 382 1968 morat
395 1916 461 1980 Quid
470 1915 569 1975 venias,
580 1915 669 1984 quidve
678 1949 688 1974 ,
697 1916 821 1982 requiret,
832 1935 921 1987 agam.

199 1988 293 2040 Vivere
309 2005 347 2040 me
361 1990 427 2048 dices
440 2007 450 2048 ς
469 1989 510 2039 sed
524 1989 579 2046 sic,
597 2002 625 2040 ut
636 1989 722 2039 vivere
738 1990 835 2044 nolimt

236 2061 290 2111 Nec
307 2063 367 2114 mala
383 2075 432 2115 tam
449 2061 522 2130 longai
538 2061 617 2114 nostra
633 2063 715 2112 levata
730 2063 809 2115 mord.

188 2133 231 2184 .Et
244 2149 324 2186 tamen
338 2137 368 2187 ad
384 2135 486 2194 Musae,
507 2136 616 2202 quemvis
632 2151 761 2194 nocuere,
781 2138 899 2192 revertit

161 2223 191 2258 ιο
239 2207 351 2277 Aptaque
367 2210 392 2262 in
406 2211 513 2261 alternos
531 2225 622 2277 cogere
639 2210 714 2262 verbe
730 2210 816 2276 pedes.

175 2281 215 2332 Tu
226 2299 338 2348 quoque,
348 2284 402 2342 dic;
413 2283 502 2334 Studiis
513 2284 679 2343 communibus
690 2283 779 2350 ecquid
787 2283 920 2338 inheret?

237 2356 364 2425 Dodaque
380 2373 430 2408 non
445 2357 524 2422 panio
541 2356 644 2406 carmine
657 2371 727 2406 more
744 2355 836 2410 canis}

200 2428 262 2480 Nam
277 2431 322 2494 tibi
337 2440 391 2483 cum
406 2429 460 2479 fatis
476 2445 557 2480 mores
571 2431 665 2480 Nature
680 2429 804 2496 pudicos,

238 2503 270 2553 Et
285 2520 349 2555 raras
367 2504 456 2561 dotes,
472 2503 663 2569 ingeniumque,
680 2502 756 2554 dedit.

160 2590 189 2639 15
203 2575 259 2626 Hoc
276 2593 323 2645 ego
340 2576 466 2644 Pegasidas
483 2576 571 2625 deduxi
585 2577 674 2641 primus
690 2576 721 2626 ad
737 2576 835 2637 undas,

238 2651 277 2700 Ne
293 2649 355 2701 mal'e
371 2648 482 2700 fecunde
498 2665 562 2699 uena
576 2649 669 2715 periret
685 2665 766 2716 aquae.

202 2722 294 2776 Primus
311 2724 336 2774 id
350 2721 431 2789 aspexi
447 2722 539 2774 teneris
556 2722 582 2774 in
596 2720 696 2790 virginis
713 2723 803 2774 annisa

240 2797 325 2865 thue
341 2809 428 2866 pater,
447 2813 517 2847 venae
533 2795 631 2861 duxque
647 2811 781 2864 comesque
797 2794 844 2846 fui.

204 2871 289 2939 Ergo,
304 2871 324 2924 si
341 2883 465 2922 remanent
481 2870 550 2935 ignes
567 2869 611 2919 tibi
627 2868 731 2933 pesteris
747 2868 831 2928 idem,

159 2958 193 2992 20
241 2945 297 2996 Sola
313 2957 381 2998 tuum
394 2957 463 2996 vates
480 2943 567 2994 Lesbia
582 2941 665 2994 vincet
678 2957 750 3008 opus.
