1975 3700
211 244 283 315 172
337 228 379 293 P.
407 223 599 292 Orsum
626 227 846 299 Nasonis

205 344 254 394 sed
271 360 323 409 quae
338 342 368 393 de
383 342 474 408 septem
488 354 568 391 totum
585 344 743 412 circumspicit
760 348 840 399 orbem

160 434 195 482 70
243 416 389 482 Montibus,
405 416 497 481 imperii
512 415 590 465 Roma
606 417 736 485 Dequue
752 423 829 472 locus.

206 491 243 541 lili
261 504 348 555 corpus
363 501 415 537 erat
428 488 512 537 durum
529 488 671 557 patiensque
686 494 815 553 laborum

241 563 354 613 Invalidae
370 563 434 611 vires
451 563 611 629 ingenuaeque
628 564 695 615 mihi.

204 636 249 687 Ille
268 643 321 685 etat
336 633 431 686 assiduo
448 634 517 685 saevis
535 636 639 702 agitatus
654 638 679 686 in
695 638 796 697 armis}

240 707 352 759 Affuetus
368 708 448 757 studiis
464 708 578 759 moilibus
593 709 642 773 ipse
658 710 703 759 tui.

158 800 191 849 75
207 782 250 832 Me
264 782 334 832 Deus
349 781 471 846 oppressit
486 815 494 845 ,
512 782 581 832 nullo
593 783 654 831 mala
669 782 746 833 nostra
760 784 874 845 levante3

239 854 355 904 Bellattix
370 855 405 904 iili
420 854 485 903 Diva
501 854 595 903 ferebat
606 871 693 921 opem.

202 927 315 995 Cumque
326 926 472 979 minoriove
483 928 528 985 sit,
540 928 637 977 tumidis
648 930 689 995 qui
698 941 785 995 regnat
794 930 820 980 in
829 934 911 992 undi53

163 1024 165 1027 ·
239 1003 307 1051 lilum
324 1001 451 1065 Neptuni,
470 1016 510 1049 me
529 1000 617 1058 iovis,
636 1001 671 1050 ira
687 1004 784 1068 premit.

201 1074 291 1133 Adde,
308 1074 373 1141 quod
387 1074 451 1123 illius
468 1088 523 1138 part
537 1074 637 1123 maxima
649 1073 703 1124 fista
716 1077 825 1127 laborum
838 1078 871 1127 ess
883 1097 892 1137 3

157 1148 192 1199 80
240 1146 340 1198 Ponitur
356 1147 381 1196 in
396 1146 480 1195 nostris
496 1146 575 1195 fabula
589 1148 654 1196 nulla
672 1150 750 1198 malis.

200 1220 323 1287 Denique·
333 1220 446 1285 quaesitos
459 1219 542 1286 tetigit
558 1230 639 1269 tamen
656 1220 698 1270 ilie
715 1221 838 1281 Penates,

238 1294 349 1359 Quoque
366 1292 407 1341 diu
425 1292 514 1357 petiit,
533 1292 635 1360 contigit
652 1310 710 1344 arva
725 1306 816 1345 tamen.

200 1366 234 1415 At
249 1366 306 1415 mihi
324 1364 443 1431 perpetuo
457 1366 536 1429 patrii
553 1368 640 1415 tellure
658 1368 787 1417 carendum
802 1368 856 1427 est,

237 1439 270 1490 Ni
287 1438 360 1488 fuerit
376 1438 428 1488 laesi
442 1440 541 1488 mollior
557 1440 592 1489 ira
606 1439 667 1490 Dei.

196 1528 845 1607 «πῆξε»

354 1646 523 1710 ELEG
545 1646 610 1709 1A
651 1648 694 1709 V.

199 1746 258 1862 'EQ
272 1820 320 1880 ac}
329 1806 422 1858 tannim
437 1805 521 1858 Clario
536 1806 604 1876 Lyde
622 1806 707 1857 diretta
723 1808 828 1872 poitae,

129 1887 131 1892 ’
236 1884 290 1931 Nec
306 1881 397 1931 tantirm
415 1879 472 1930 Coo
489 1879 566 1931 nauis
583 1893 661 1930 amata
675 1882 718 1929 {uo
735 1882 789 1939 est3

199 1955 339 2006 Peuoribus
354 1952 467 2020 quantirm
480 1965 508 2004 tn
520 1953 623 2012 nostris,
640 1953 728 2009 Uxor,
745 1955 853 2006 inhaeres
868 1973 877 2008 ε

236 2028 316 2095 Digna
331 2030 407 2081 minus
422 2027 527 2084 misero,
548 2045 597 2076 non
614 2027 715 2076 meliore
731 2027 795 2076 viro.

175 2117 187 2166 5
200 2101 239 2151 Te
256 2111 327 2160 mea,
343 2100 465 2166 suppositi
478 2101 557 2150 veluti
572 2102 661 2157 trabe,
679 2100 738 2148 fulta
754 2102 825 2151 ruina
841 2103 899 2159 est;

236 2174 331 2242 siquid
346 2175 423 2224 adhuc
440 2190 486 2241 ego
502 2173 571 2230 sum,
590 2172 694 2222 muneris
711 2189 783 2223 omne
798 2176 839 2223 tui
854 2179 897 2224 eti.

198 2246 236 2297 Tu
254 2249 331 2306 facis,
348 2243 376 2297 'ut
390 2245 489 2312 spolium
504 2262 534 2295 ne
551 2247 612 2302 sim,
630 2262 677 2295 neu
694 2246 772 2295 nuder
783 2248 818 2295 ab
831 2249 901 2305 iilis,

236 2320 361 2388 Naufragii
376 2321 469 2370 tabulas
484 2319 525 2385 qui
543 2319 636 2384 petiere
650 2319 707 2367 mei.

197 2393 280 2460 thue
296 2409 388 2460 rapax,
404 2392 538 2442 stimulante
552 2393 633 2449 farne,
650 2391 800 2459 cupidosque
818 2395 917 2444 cruoris

156 2482 188 2518 10
236 2465 406 2517 Incustoditurn
424 2477 506 2532 raptat
522 2464 586 2514 ovile
603 2465 696 2530 lupus:

151 2575 154 2579 -
197 2539 248 2590 Aut
263 2553 289 2588 ut
306 2539 368 2588 edax
381 2541 462 2589 vultur
479 2534 567 2604 corpur
582 2538 740 2603 circumspicit
757 2541 861 2605 ecquod

233 2613 283 2663 Sub
302 2611 367 2661 nunt
381 2613 488 2678 positum
506 2626 606 2662 cernere
625 2611 703 2678 possit
716 2611 819 2669 humo;

196 2687 235 2736 Sic
252 2701 306 2734 mea
320 2685 402 2735 nescio
417 2685 489 2751 quis,
511 2686 583 2735 rebus
599 2683 662 2734 mal&
677 2682 739 2734 fidus
755 2686 880 2740 acerbis,

232 2759 259 2810 In
275 2760 337 2808 bona
353 2771 489 2817 venturam,
511 2760 531 2807 si
544 2770 675 2823 paterere,
693 2757 747 2807 fuit.

153 2832 268 2896 15Hunc
283 2843 383 2898 tuaper
399 2831 476 2881 fortes
492 2831 569 2882 virtus
585 2830 704 2881 submovit
720 2830 836 2887 amicos,

229 2901 303 2961 Nulla
320 2906 404 2974 quibus
421 2904 490 2956 reddi
506 2905 583 2974 gratia
600 2905 670 2975 digna
689 2903 779 2972 pot‘est.
