1975 3700
150 238 458 306 FAsronvnt
487 236 596 305 err.
624 236 686 305 Ila
736 255 786 332 43

77 357 139 406 Nam
151 374 212 423 puer
221 358 329 422 impubes
341 390 349 414 ,
370 357 396 407 dt
405 355 483 406 adhuc
495 372 545 405 non
554 356 620 405 utilis
631 357 723 416 armis,

115 430 184 480 Unus
200 432 229 480 de
241 432 258 480 F
261 431 315 480 abii
326 445 399 498 gente
410 431 508 479 relidlus
522 440 584 478 erat.
670 485 674 490 .
798 445 852 492 240

77 503 178 552 Scilicet
194 517 221 554 ut
236 505 315 570 polles
327 505 384 552 olim
395 515 441 560 tu,
460 503 569 552 Maxime
581 535 589 560 ,
607 503 691 562 uasci;

116 575 165 626 Cui
178 593 216 626 res
232 578 365 627 cunslando
376 576 522 626 rellituenda
535 576 611 625 soret.

78 647 315 700 CONTlNUATA
327 653 384 700 loco
395 651 438 712 tria
450 650 547 698 sidera:
559 648 657 698 Corvus
669 649 696 700 bt
706 648 819 718 Anguis,

113 721 144 771 Et
155 725 248 772 medius
260 723 347 774 Crater
358 723 420 772 inter
433 735 562 788 utrumque
575 721 651 787 jacet.

76 795 159 844 Idibus
170 797 209 844 illa
221 797 297 845 latent
309 830 316 854 ,
335 797 446 846 oriuntur
458 795 529 844 noue
541 796 660 860 sequenti.
799 810 834 855 24
839 810 850 856 5

114 867 178 932 Quae
191 869 236 917 sibi
248 863 346 918 cur'tria
362 869 410 917 sint
423 869 578 924 consociata,
596 883 689 918 canam.

74 941 150 992 Forte
161 940 216 991 Jovi
230 941 313 990 sellum
324 940 429 990 Phoebns
443 941 559 989 sollemne
571 943 690 1005 parabata

112 1015 170 1063 Non
183 1014 256 1064 saciet
268 1015 352 1082 longas
365 1015 443 1063 sabula
457 1013 535 1063 nollra
546 1029 636 1064 moras.

72 1087 84 1137 l
97 1105 169 1144 mea,
189 1088 267 1145 dixit,
286 1091 355 1145 avis,
374 1105 405 1136 ne
418 1087 475 1154 quid
490 1088 528 1152 pia
541 1087 605 1138 sacra
614 1097 744 1145 moretum

110 1160 142 1210 Et
157 1173 255 1210 tenuem
270 1161 332 1210 vivis
344 1161 450 1210 sontibus
461 1159 522 1209 asser
536 1177 631 1226 aquarn.
799 1173 851 1222 250

73 1233 170 1284 Coruus
182 1235 314 1284 inauratum
326 1235 426 1300 pedibus
437 1247 530 1283 cratera
542 1234 652 1284 recurvis

110 1307 206 1361 Tollit,
227 1302 355 1357 &adrium
370 1309 481 1373 pervolat
495 1309 558 1356 altus
572 1308 630 1358 iter.

73 1380 159 1429 Stabat
173 1381 251 1430 adhuc
267 1382 329 1431 duris
341 1379 401 1431 ficus
413 1380 551 1430 densissima
563 1382 657 1445 pomis:

111 1453 201 1504 Tentat
213 1472 264 1504 eam
275 1455 351 1504 rollro
363 1471 370 1502 t
384 1471 433 1504 non
447 1467 499 1504 erat
509 1466 564 1519 apta
576 1455 634 1521 legi.

73 1527 203 1577 immemor
215 1527 309 1594 imperii
321 1527 402 1576 sedisse
418 1528 459 1578 sub
473 1528 560 1576 arbore
570 1527 665 1585 fertur,
796 1538 812 1576 2
817 1539 847 1588 55

110 1600 176 1651 Dum
186 1599 273 1650 fierent
281 1601 355 1662 tardi
369 1601 445 1649 dulcia
458 1617 529 1666 poma
540 1600 617 1649 mori.

71 1671 174 1738 Jamque
186 1674 250 1723 satrrr
261 1674 333 1739 nigris
344 1676 442 1740 longum
453 1674 517 1736 rapit
527 1674 646 1743 unguibus
656 1672 776 1738 hydrunt,

109 1745 150 1794 Ad
161 1745 333 1811 dominumque
346 1745 409 1795 redit
419 1761 427 1803 ;
445 1744 545 1810 fislaque
556 1747 631 1794 verba
642 1745 719 1793 resert
730 1762 739 1802 ς

71 1817 121 1867 Hic
132 1818 189 1867 mihi
201 1819 269 1869 causa
280 1836 354 1869 rnorae
365 1819 472 1868 vivarum
484 1816 589 1867 obsessor
599 1833 712 1883 aquarum
723 1833 733 1874 ς

110 1892 160 1940 Hic
173 1894 252 1947 tenuit
266 1893 347 1943 fontes
360 1890 515 1959 officiumque
528 1908 617 1941 meum.
793 1888 846 1940 260

71 1963 168 2022 Addis,
184 1967 235 2025 ait,
252 1968 329 2032 culpae
340 1966 464 2015 mendacia
476 2000 483 2023 ,
501 1962 629 2014 Phoebus?
648 1962 761 2014 &audes
844 2018 851 2029 ⁶

108 2038 241 2089 Fatidicum
252 2041 332 2089 verbis
344 2040 429 2089 saliere
440 2038 599 2087 velle-Deum
610 2035 621 2087 l

72 2113 107 2161 At
117 2113 176 2171 tibi,
197 2112 253 2162 ditm
264 2114 352 2162 ladlens
366 2113 468 2161 haerebit
480 2112 505 2160 in
520 2112 606 2160 arbore
620 2109 700 2169 ficus,

108 2185 150 2234 De
161 2187 229 2235 nullo
244 2186 330 2252 gelidae
345 2186 414 2234 sonte
426 2186 539 2233 bibantur
549 2200 625 2249 aquae.

70 2257 141 2307 Dixit
154 2273 160 2307 :
174 2258 199 2308 br
212 2292 219 2317 ‚
236 2259 327 2324 antiqui
336 2268 490 2307 monumenta
501 2258 615 2322 perennia
626 2255 701 2314 faui,
795 2255 828 2305 26
833 2271 845 2319 5

108 2332 220 2396 Anguis,
236 2330 296 2381 Avis
308 2366 314 2389 ,
333 2331 439 2388 Crater,
456 2330 534 2379 sidera
545 2328 626 2395 junsla
638 2329 737 2381 micant.

71 2402 230 2454 TERTIA
244 2404 296 2469 post
309 2404 365 2454 ldus
377 2404 454 2453 nudos
466 2404 562 2452 Aurora
572 2402 697 2468 Lupercos

108 2475 220 2541 Aspicit:
235 2478 345 2527 &Fauni
358 2478 422 2527 sacra
434 2476 539 2527 bicornis
552 2489 621 2527 eunt.

71 2549 177 2606 Dicite,
192 2548 320 2608 Pierides,
337 2551 457 2599 sacrorum
472 2566 526 2615 quae
541 2550 572 2599 sit
583 2550 677 2617 origo·;

109 2621 244 2687 Attigerint
254 2622 332 2672 Latias
343 2623 408 2672 unde
420 2624 493 2687 petita
505 2622 599 2673 domus.
661 2625 666 2640 ¹
793 2636 845 2684 270
912 2668 915 2673 .

72 2695 137 2745 Pana
150 2728 157 2753 ,
175 2694 257 2743 Deum
268 2697 382 2762 pecoris,
399 2708 498 2747 veteres
510 2696 608 2745 coluisse
618 2696 731 2747 setuntut
835 2697 838 2702 “

109 2768 218 2817 Arcades
230 2768 358 2819 :Arcadiis
370 2769 485 2835 pluriiirus
501 2769 541 2819 ille
554 2769 626 2836 jugis.

71 2840 151 2891 Testis
164 2840 210 2890 erit
223 2839 334 2901 Pholus,
353 2843 423 2893 testes
434 2844 611 2911 Stymphalides
625 2842 696 2892 undae
708 2858 718 2899 ς

109 2912 208 2982 Quique
223 2916 274 2966 citis
286 2916 370 2967 Ladon
381 2919 404 2967 in
419 2934 484 2967 mare
497 2918 573 2966 currit
586 2918 672 2982 aquis3
