1975 3700
207 234 260 306 90
309 214 350 281 P.
379 214 568 285 Ονιυιι
595 217 853 288 ΝΑεοΝιε

209 335 277 388 Vere
293 347 378 386 monet
393 351 478 386 uittas
494 349 601 386 materna
615 351 660 400 per
674 352 779 402 aequora
796 355 911 406 puppes

248 409 287 458 ire
303 442 310 468 ,
327 427 374 460 nec
388 411 500 460 hibernas
514 409 563 476 jani
576 407 682 458 timuiffe
697 410 793 460 minas.

210 479 267 532 Rite
283 483 362 534 Deam
376 483 451 533 Latiae
468 483 549 533 colitis
561 495 700 549 matresque
716 499 890 551 nurusque3

247 555 280 605 Et
297 573 361 617 vos,
376 557 428 624 quis
444 556 513 607 vittae
529 557 651 624 longaque
665 555 738 606 vestis
756 559 851 608 abest.

153 638 200 693 135
213 627 296 680 Aurea
310 647 446 681 marmoreo
461 631 602 680 redimicula
617 630 704 680 solvite
718 631 794 680 collo
808 648 821 691 ;

246 702 346 755 Detnite
362 705 456 754 divitias
468 721 475 756 z
488 717 542 754 tota
557 704 657 754 lavanda
672 703 728 753 Dea
744 704 804 755 esta

209 775 291 826 Aurea
307 779 398 828 siccato
412 778 554 828 redimicula
569 777 665 827 reddite
678 779 771 837 collo;

246 849 318 900 Nunc
334 850 374 901 alii
388 851 481 909 liores,
499 867 642 903 nuncnova
658 850 736 900 danda
751 851 817 900 rosa
834 851 889 902 est.

209 922 265 975 Vos
280 941 377 993 qnoque
392 925 434 974 sub
448 925 519 976 viridi
530 937 611 992 myrto
626 923 696 991 jubet
706 925 752 972 'ille
766 926 858 975 lavari
870 944 881 984 ;

151 1007 200 1052 140
248 997 392 1067 Causaque,
412 1015 457 1049 cur
469 997 572 1064 jubeat,
589 997 692 1056 discite,
713 1009 784 1048 certa
806 997 905 1050 subest.

209 1070 294 1121 Litore
311 1073 419 1123 siccabat
434 1083 546 1123 rorantes
562 1072 625 1121 nuda
644 1071 755 1138 capillos.

246 1145 367 1197 Viderunt
384 1139 485 1214 Satyri,
502 1146 572 1194 turba
588 1156 722 1210 proterva,
739 1145 843 1195 Deam.

211 1216 310 1276 Sensit,
330 1219 355 1270 δι
371 1219 480 1286 appositi
496 1219 558 1268 texit
574 1217 614 1268 sua
631 1234 733 1285 corpora
749 1233 855 1286 myrto.

247 1290 312 1341 Tuta
328 1293 373 1343 suit
390 1293 454 1343 iasio
466 1309 473 1342 t
486 1308 580 1358 vosque
595 1292 689 1342 referre
705 1291 786 1358 jubet.

150 1371 196 1421 145
210 1363 303 1414 Discite
321 1383 403 1425 nunc,
421 1383 496 1432 quare
512 1366 628 1415 Fortunae
643 1377 696 1415 tuta
710 1365 787 1415 Virili

246 1437 319 1488 Deris
336 1457 388 1497 eo,
407 1440 483 1489 calida
500 1440 541 1505 qui
556 1440 626 1488 locus
640 1439 725 1488 humet
739 1455 817 1506 aqua.

209 1508 307 1577 Accipit
323 1512 364 1562 ille
381 1515 470 1572 locus,
489 1513 573 1578 positu
586 1513 726 1569 velamine,
746 1513 878 1573 cunilam

245 1583 276 1632 Et
293 1585 376 1634 vitium
391 1587 448 1636 nudi
464 1587 575 1652 corporis
590 1601 661 1635 omne
677 1586 754 1636 vitiet.

207 1654 244 1706 Ut
255 1669 322 1725 tegat
340 1660 407 1716 hoc,
424 1661 538 1726 celetque
553 1660 640 1717 viros,
657 1659 763 1708 Fortuna
778 1660 875 1711 Virilis

149 1739 199 1786 150
248 1729 361 1784 Praestat:
381 1733 407 1782 8(
423 1734 490 1790 hoc,
507 1748 585 1798 parvo
601 1743 656 1782 tute
670 1744 775 1799 rogata,
793 1734 869 1783 facit.

152 1799 156 1808 '
208 1803 232 1853 N
235 1820 263 1853 ec
278 1805 358 1872 pigeat
375 1806 448 1869 niveo
462 1807 547 1856 tritnnt
560 1821 616 1855 cuni
631 1804 691 1855 laete
706 1821 812 1872 papaver

243 1878 366 1937 Sumere,
384 1880 410 1931 δι
426 1881 547 1945 expressis
562 1880 636 1929 mella
651 1880 740 1944 liquata
757 1879 831 1929 favis.

209 1948 270 1999 cum
286 1950 387 2017 prinnini
405 1954 493 2023 cupido
504 1955 592 2007 Venus
604 1953 638 2003 est
654 1952 755 2003 deducit
766 1954 858 2004 marito
870 1988 879 2014 ,

244 2022 299 2073 Hoc
316 2026 375 2076 bibit
389 2040 396 2076 t
408 2042 438 2077 ex
456 2028 500 2077 illo
514 2041 627 2093 ternpore
645 2038 720 2093 nupta
737 2025 793 2076 fuit.

149 2105 177 2153 15
185 2108 196 2154 5
211 2096 363 2162 supplicibus
378 2102 458 2151 verbis
475 2101 540 2151 illam
557 2102 653 2166 placate
664 2115 672 2149 t
683 2099 726 2149 suli
741 2100 782 2149 illa

244 2170 275 2220 Et
288 2172 382 2232 forma,
402 2174 427 2225 δι
445 2189 545 2231 mores,
563 2174 589 2224 δι
603 2173 742 2223 bonafama
756 2188 865 2225 tnanent.

207 2242 284 2294 Roma
301 2248 416 2312 pudicitii
432 2264 579 2315 proavorum
595 2258 705 2313 ternpore
723 2246 784 2311 lapsa
800 2246 855 2297 est:

246 2316 387 2380 Cumaeant,
406 2332 525 2378 veteres,
545 2320 693 2369 consuluistis
709 2334 789 2368 anum.

206 2390 308 2456 Templa
323 2390 392 2457 jubet
404 2394 499 2446 Veneti
512 2391 565 2443 fieri
576 2409 584 2442 t
596 2394 680 2460 quibus
696 2393 780 2443 ordine
793 2391 877 2454 treis,

148 2458 196 2508 160
245 2464 305 2514 inde
321 2464 408 2517 Venus
425 2467 497 2516 verso
514 2467 609 2516 nomina
626 2466 701 2516 corde
715 2478 793 2515 tenet·

207 2536 308 2603 Semper
320 2538 350 2587 ad
364 2537 486 2590 AEneadas
497 2540 592 2607 placido
604 2574 611 2598 ‚
628 2540 803 2605 pulcherrima,
818 2540 888 2590 vultu

244 2610 345 2675 Respice
358 2624 462 2679 :totque
480 2624 553 2671 tuas,
571 2613 655 2671 Diva,
673 2625 744 2662 tuere
760 2628 837 2662 nurus.

207 2683 274 2734 Dum
288 2686 393 2752 loquor,
410 2688 480 2736 elatae
496 2688 639 2737 metuendus
655 2687 765 2736 acumine
780 2684 872 2745 caude,

244 2759 359 2825 Scorpios
376 2761 400 2810 in
416 2760 506 2811 virides
522 2760 687 2826 precipitatur
703 2775 783 2826 aquas.
862 2777 866 2781 “

149 2827 195 2891 165
210 2830 299 2882 NOX
313 2834 353 2883 ubi
364 2834 505 2892 transierit,
524 2834 660 2901 coelumque
670 2834 795 2883 rubescere
805 2831 880 2896 printti
956 2871 957 2898 3

245 2904 374 2975 Coeperit,
395 2908 420 2960 &
436 2907 505 2981 tatia
521 2919 577 2958 rore
594 2919 727 2976 querentur
741 2920 814 2963 evesa
956 2913 957 2928 ¹
