1975 3700
184 206 263 301 ‘194
302 173 826 280 P.OV1nrrNAsou1s'

185 330 294 395 Suntque
306 343 336 377 ea
346 327 470 378 detiorum
480 328 643 377 monumentis
653 327 728 377 mixta
737 330 860 392 virorum,

122 420 175 469 4²0
222 402 414 469 Muneribusque
429 401 517 451 dueum
532 401 629 467 publica
643 399 705 451 rana
719 414 816 468 patent.
830 435 833 441 ·

185 477 257 527 Neve
270 474 406 543 peregrinis
421 470 514 524 rantirm
528 473 647 524 defendar
660 476 691 523 ab
705 477 797 535 armis,

221 548 253 599 Et
267 548 390 599 Romanus
406 548 480 597 habet
494 549 569 597 multa
583 546 668 612 jocosa
682 548 754 597 liber.

184 622 270 689 thue
285 622 327 672 luo
342 621 449 672 Martem
464 620 553 670 cecinit
569 620 649 688 gravis
663 620 755 671 Ennius
769 638 834 684 ore,

221 695 311 745 Ennius
328 693 426 763 ingenio
443 693 576 753 maximus,
593 705 646 743 arte
661 694 749 753 rudis,

122 786 173 837 4²5
186 769 298 834 Explicat
314 781 342 817 ut
355 767 435 818 causas
452 768 530 834 rapidi
544 766 672 818 Lucretius
686 766 765 835 ignis,

221 842 383 907 Casurumque
399 840 488 906 triplex
504 840 649 891 vaticinatur
664 856 748 905 opust

64 931 75 951 Ἰ
184 914 223 966 Sic
241 914 280 965 sua
296 914 385 965 lascivo
403 925 498 964 cantata
513 913 547 963 eli
563 914 631 980 saepe,
641 913 741 963 Catullo

220 988 336 1047 Femina,
354 987 392 1037 cui
407 987 490 1037 falsum
506 987 593 1037 Lesbia
607 1003 696 1037 nomen
713 999 775 1037 erat.

184 1064 238 1113 Nee
255 1072 383 1113 contentus
397 1059 445 1120 ed,
465 1062 555 1111 multos
571 1060 676 1127 signavit
691 1076 806 1120 amores,

122 1150 176 1203 430
222 1136 249 1185 ln
266 1136 351 1203 quibus
367 1134 417 1201 ipse
431 1134 498 1185 suum
512 1132 582 1185 faffus
596 1134 741 1184 adulterium
757 1135 801 1184 est.

185 1208 230 1260 Par
243 1208 289 1258 fuit
303 1208 404 1276 exigui,
421 1208 553 1274 similisque
567 1208 683 1266 licentia,
702 1206 791 1267 Calvi,

219 1281 326 1333 Detexit
341 1281 413 1331 variis
430 1280 470 1346 q‘ui
486 1280 526 1331 sua
542 1279 607 1331 furta
622 1281 709 1331 modis.

157 1355 225 1421 Quid
233 1354 336 1404 referam
342 1353 435 1404 Ticidae
441 1386 449 1413 ,
460 1354 517 1420 quid
526 1352 628 1404 Memmi
637 1370 732 1404 carmen
740 1350 752 1403 ἓ
759 1354 823 1421 apud
831 1370 905 1422 quos·

217 1428 300 1479 Rebus
315 1427 380 1477 abest
396 1427 473 1478 omnis
488 1427 672 1495 nominibusque
686 1428 775 1493 pudor.

119 1494 894 1569 435Cinnaquoquehiseomesest,CinndqueprocaciorArrset:

217 1572 249 1624 Et
263 1576 317 1624 leve
335 1571 472 1633 Cornifici,
490 1590 582 1641 parque
596 1573 697 1625 Catonis
714 1590 786 1641 opus.

182 1646 214 1697 Et
228 1663 330 1714 quorum
343 1646 427 1705 libris,
447 1645 521 1697 modd
535 1646 681 1697 dissimulata
693 1646 789 1699 Perille

218 1721 242 1770 N
244 1722 323 1770 omine
336 1752 343 1780 ,
360 1736 425 1770 nune
440 1722 529 1789 legitur
545 1720 606 1769 uitta
619 1720 742 1780 Metella,
757 1721 811 1771 suo.

181 1795 205 1843 ls
222 1810 336 1862 quoque,
355 1792 481 1845 Phasiacas
496 1793 564 1861 Argo
578 1792 619 1860 qui
634 1793 701 1844 duxit
714 1794 739 1843 in
752 1794 849 1855 undae,

119 1882 172 1931 440
219 1869 277 1919 Non
291 1868 372 1936 potuit
383 1866 490 1920 Veneris
506 1868 570 1918 firtta
583 1879 666 1917 tacere
680 1866 738 1918 sue.

182 1942 237 1991 Nec
247 1942 324 1991 minus
335 1940 470 2002 Hortensi,
485 1957 533 1992 nee
544 1941 598 1992 lunt
613 1942 691 1990 minus
702 1941 812 2010 improba
822 1941 895 1996 Servi

220 2014 330 2064 Carmina
344 2030 351 2064 ε
366 2014 418 2081 quis
434 2014 529 2066 dubitet
543 2014 639 2065 nomina
651 2025 719 2065 tanta
734 2015 823 2084 sequi?

181 2087 266 2142 Vertit
281 2086 400 2137 Aristiden
417 2087 514 2138 Sisenna
530 2104 538 2139 t
552 2105 598 2138 nec
615 2087 694 2138 obluit
707 2089 743 2140 illi
763 2102 767 2111 ¹

218 2160 328 2228 Hillpriae
342 2171 426 2226 turpes
442 2161 563 2211 inseruiffe
579 2160 660 2227 jocos,

121 2248 170 2296 445
184 2234 238 2283 Nec
256 2233 302 2284 fuit
317 2234 453 2300 opprobrio¹
465 2233 593 2285 celebtalse
606 2233 726 2302 Lycorida
743 2235 837 2296 Gallo,

184 2331 186 2336 ·
219 2307 267 2356 Sed
282 2307 387 2374 linguam
399 2309 474 2358 nimio
490 2323 539 2358 non
554 2307 653 2358 tenuilse
669 2323 746 2359 mero.

183 2379 293 2432 Credere
309 2379 398 2446 juranti
414 2381 499 2430 durum
513 2392 583 2447 putat
598 2381 646 2431 elie
661 2381 792 2442 Tibullus,

219 2453 258 2502 Sic
274 2452 346 2503 etiam
360 2453 391 2504 de
408 2453 431 2504 se
448 2454 513 2522 quod
523 2467 602 2524 'neget
616 2456 658 2504 illa
672 2456 736 2504 viro.

183 2525 278 2576 Fallere
295 2525 417 2576 custodem
433 2527 530 2578 demum
544 2527 649 2579 doeuill‘e
663 2527 772 2584 fatetur,

118 2612 172 2663 450
220 2599 301 2666 Seque
316 2598 357 2648 sui
369 2599 480 2650 miserum
496 2618 560 2664 nunc
575 2602 609 2651 ait
622 2612 674 2651 arte
690 2599 777 2667 premi.

182 2673 253 2738 Saepe
266 2672 336 2722 velut
350 2689 466 2740 gemmam
481 2673 585 2725 ‹lominae
600 2674 724 2741 signumve
738 2675 873 2752 probaret,

219 2745 267 2796 Per
283 2744 376 2795 eausam
392 2747 499 2797 meminit
514 2748 538 2797 se
553 2747 655 2815 tetigisse
671 2763 775 2796 manum.

182 2821 266 2885 thue
279 2819 374 2880 refert,
390 2819 469 2888 digitis
485 2820 548 2888 saepe
562 2820 596 2870 est
612 2832 719 2886 nutuque
736 2822 855 2880 locutus,

113 2911 115 2916 ·
218 2892 250 2944 Et
266 2893 363 2947 tacitam
377 2894 462 2966 mense
478 2893 547 2946 duxit
560 2893 586 2944 in
601 2895 660 2946 orbe
676 2905 768 2947 notam.
