1975 3700
207 287 278 340 102
317 269 358 337 P.
387 271 579 341 OVrurr
604 274 835 342 Nasours

203 389 295 440 Sunion
312 391 471 456 expositum,
490 390 615 457 Piraeaque
632 402 685 440 tuta
701 391 794 440 recessu

240 463 356 530 Linquit,
377 465 403 514 dc
417 466 443 514 iu
456 465 567 516 dextrum
582 481 635 531 quae
650 463 717 529 jacet
731 481 774 514 ora
788 467 867 515 latus.

144 533 192 598 565
205 533 270 586 Hinc
284 538 328 586 init
339 536 449 606 AEgaeum
461 571 468 597 ‚
486 533 536 606 quo
548 537 670 606 Cycladas
683 537 767 602 aspicit
777 554 889 596 omnes,

241 609 384 677 Ioniumque
399 627 493 677 rapax,
512 612 662 677 Icariumque
679 611 747 677 legit.

205 681 301 748 Perque
316 686 389 734 urbes
404 685 469 734 nsrae
483 686 581 752 longum
599 685 661 750 petit
675 683 866 752 Hellespontum
879 702 890 744 ς

241 756 419 823 Diversumque
434 759 494 808 locis
510 760 558 807 alra
572 770 682 824 pererrat
695 757 753 807 iter.

206 828 268 878 Nam
278 828 350 880 modb
360 832 481 900 turilegos
494 833 605 889 Arabas,
619 830 694 882 modd
709 830 812 897 despicit
823 831 906 880 lndos
920 848 930 890 ;

145 914 200 963 570
245 901 309 952 Hinc
320 903 410 974 Libys,
422 904 479 953 lrine
490 903 596 962 Mero'e',
611 903 726 970 siccaque
735 916 802 953 terra
813 903 908 955 subest.

162 974 930 1046 Nuncaditllesperios,erenum,Rhodanumque,Padumque,

243 1049 330 1116 Teque
346 1052 427 1101 future
443 1067 549 1116 pareus,
564 1050 653 1109 Tibri,
672 1049 780 1116 potentis
795 1067 882 1116 aquae.

208 1120 267 1187 Qud
284 1123 372 1174 seror?
392 1124 530 1174 immensum
545 1123 579 1174 esi
594 1135 686 1174 erraras
703 1124 911 1183 diceremus,

245 1195 383 1248 Praeteritus
400 1198 485 1248 Cereri
503 1199 582 1247 nullus
597 1198 622 1248 in
639 1199 699 1248 orbe
716 1199 795 1247 locus.

148 1282 196 1329 575
210 1267 281 1319 Errat
297 1269 322 1320 δι
337 1270 362 1320 in
377 1273 442 1322 coelo
455 1287 462 1321 ε
475 1271 607 1338 liquidique
621 1271 734 1320 immunia
747 1269 817 1335 ponti

249 1342 387 1409 Alloquitur
403 1345 484 1413 gelido
500 1345 608 1410 proxima
623 1344 690 1411 signa
706 1345 774 1409 polo.

208 1412 362 1467 Parrhasides
377 1417 469 1476 stellae,
486 1433 589 1483 namque
605 1418 686 1466 omnia
701 1415 766 1466 nosse
781 1415 911 1483 potesiis,

245 1487 381 1556 AEquoreas
398 1508 526 1557 numquam
542 1489 595 1540 crim
610 1490 714 1540 subeatis
727 1505 820 1556 aquas,

210 1559 381 1630 Persephonen
395 1565 487 1615 miserae
502 1577 582 1614 natam
596 1563 725 1613 monstrate
740 1563 847 1630 parenti.

147 1631 200 1696 580
247 1635 370 1689 Dixerat:
382 1638 438 1687 huic
454 1637 544 1687 Helice
559 1637 616 1686 talia
629 1639 703 1687 verba
719 1637 806 1686 resert.

211 1705 317 1760 Crimine
333 1728 383 1762 nox
396 1727 472 1761 vacua
486 1710 529 1760 est.
547 1711 629 1760 Solem
644 1710 675 1760 de
691 1709 784 1777 virgine
797 1709 871 1776 rapti

247 1781 373 1844 Consule,
389 1785 429 1853 qui
445 1783 494 1833 latb
512 1783 572 1834 saria
588 1784 671 1833 diurna
687 1784 766 1833 videt.

211 1856 254 1907 Sol
269 1858 347 1907 aditus
359 1892 366 1917 ,
384 1858 463 1922 Quam
474 1859 580 1924 queris,
598 1859 651 1916 ait,
670 1874 701 1907 ne
710 1874 771 1907 vana
785 1857 909 1919 labores,

247 1929 329 1996 Nupta
346 1930 414 1982 lovis
430 1932 499 1980 fratri
513 1931 586 1981 tertia
600 1948 674 1999 regna
688 1942 768 1979 tenet.

151 1999 183 2061 58
188 2014 200 2063 5
215 2000 305 2064 Quesla
320 2004 360 2053 cliu
372 2004 452 2053 secum
467 2004 502 2053 tle
518 2004 552 2054 est
567 2003 638 2053 affara
653 2005 812 2061 Tonantem

249 2074 403 2143 Maximaque
417 2076 443 2127 in
458 2080 529 2126 vultu
542 2077 609 2144 signa
623 2077 729 2126 dolentis
745 2087 825 2126 eruut.

211 2147 237 2198 Si
251 2164 343 2199 memor
358 2166 406 2210 es,
426 2152 456 2200 de
471 2168 520 2216 quo
536 2151 594 2200 milri
610 2150 641 2200 sit
652 2149 793 2216 Proserpina
810 2160 891 2209 nata,

247 2222 382 2274 Dimidium
397 2240 462 2275 curae
478 2224 554 2273 debet
569 2223 659 2273 habere
675 2235 735 2274 tuae.

212 2293 282 2346 Orbe
298 2310 444 2363 pererrato,
463 2298 512 2347 sola
528 2296 563 2347 est
576 2296 663 2363 iniuria
679 2295 735 2345 farti

151 2378 202 2431 590
250 2368 356 2438 Cognita
369 2387 378 2423 r
391 2370 514 2420 commissi
531 2370 628 2435 premia
640 2382 723 2435 raptor
735 2368 821 2440 lrabet.

211 2440 245 2491 At
260 2460 339 2510 neque
351 2442 507 2509 Persephone
522 2444 593 2511 digua
609 2442 642 2493 eu
655 2443 770 2509 praedone
787 2438 899 2503 marito;

250 2516 304 2565 Nec
320 2533 397 2585 gener
409 2518 457 2568 hoc
474 2518 544 2567 nobis
560 2532 628 2567 more
643 2515 761 2582 parandus
777 2526 839 2564 erat.

213 2587 279 2653 Quid
297 2590 411 2657 gravius,
427 2590 519 2641 vidore
537 2588 631 2658 Gyge,
649 2590 742 2655 captiva
755 2585 858 2637 tulissem

250 2660 329 2726 Qudm
345 2680 428 2723 nunc,
445 2676 472 2713 re
489 2665 544 2713 coeli
560 2664 654 2727 sceptra
670 2670 790 2718 tenente,
809 2659 882 2710 tuli?

153 2746 201 2799 595
215 2734 308 2789 Verum
323 2736 421 2803 impune
437 2738 519 2787 ferat:
534 2753 580 2787 noe
594 2737 648 2785 brec
661 2736 779 2801 patiamur
792 2733 900 2787 inultae:

251 2809 365 2870 Reddat,
384 2810 410 2861 dt
427 2810 542 2860 emendet
557 2808 617 2861 fasta
632 2809 713 2874 priora
730 2806 809 2857 novis.

144 2932 151 2948 s
215 2880 327 2949 iuppiter
340 2884 402 2935 hanc
418 2884 498 2941 lenit,
518 2882 654 2949 studiumque
668 2879 768 2931 excrrsat
783 2894 884 2941 amoret

249 2958 303 3009 Nec
319 2974 395 3026 gener
409 2957 443 3010 est
458 2956 529 3009 nobit
544 2957 586 3009 ille
601 2954 750 3023 pudendus,
768 2951 813 3004 ait.
