1975 3700
150 240 440 312 FAsronunr
469 243 575 312 Lrn.
603 243 686 314 III.
739 243 789 334 69

79 359 165 428 Egeria
174 361 223 419 est,
236 380 288 428 quae
299 363 392 428 praebet
402 377 490 428 aquas,
503 361 558 412 Dea
569 377 635 430 grata
647 363 773 416 Camenis.
798 380 849 428 275

103 434 157 482 ‘lua
174 436 260 484 Numae
279 433 390 501 conjux,
410 435 604 501 consiliumque,
622 436 677 485 suit.

77 503 198 572 Principio
214 505 310 556 nimidm
325 519 433 574 promtus
450 507 480 557 ad
493 508 557 556 bella
572 507 681 572 Quirites

115 580 209 629 Molliri
222 581 315 646 placuit
330 579 404 647 jure,
421 579 551 646 Deumque
567 593 644 632 metu.

76 651 138 702 lude
155 653 218 702 datae
233 655 320 721 leges,
338 671 369 702 ne
384 652 475 704 firmior
490 655 569 704 omnia
584 654 684 720 poffet3

115 725 251 792 Coepraque
266 727 319 776 sunt
333 725 393 792 pur'e
407 728 494 776 tradita
511 727 575 776 sacra
591 728 650 778 coli.
798 725 852 778 280

75 797 181 848 Eruitur
197 799 297 858 feritas,
315 799 433 866 armisque
447 800 572 865 potentius
587 817 681 868 aequum
697 797 752 860 estg

115 871 147 921 Et
164 887 218 920 cum
234 873 287 921 cive
302 873 378 937 pudet
392 871 535 922 conseruisse
550 890 642 924 manus.

75 945 161 1010 Atque
178 945 281 1010 aliquis,
299 944 372 996 modo
387 958 463 1005 trux,
483 945 535 994 visi
550 944 599 1012 jam
612 945 714 996 vertitur
729 944 791 1006 aria

115 1019 231 1084 Vinaque
248 1017 289 1066 dat
305 1018 393 1084 tepidis
409 1019 513 1084 salsaque
530 1019 593 1068 farra
608 1019 679 1069 focis.

77 1091 146 1143 Ecce
161 1089 242 1141 Desun
259 1091 355 1158 genitor
372 1090 454 1142 rutilas
468 1109 513 1157 per
528 1093 608 1141 nubila
621 1092 726 1142 flammas
800 1089 833 1142 28
838 1104 851 1155 5
865 1141 871 1152 ,

116 1164 232 1230 Spargit,
253 1165 278 1214 δι
293 1163 374 1214 effusis
390 1165 480 1214 aethera
494 1165 571 1214 siccat
585 1165 665 1232 aquis.

76 1238 139 1290 ¹Non
153 1238 210 1286 aiids
224 1237 288 1286 missi
304 1237 414 1287 cecidere
430 1237 580 1304 frequentius
596 1239 675 1306 ignes.

118 1310 172 1360 Rex
186 1323 276 1375 pavet,
296 1311 321 1360 δι
336 1311 402 1377 vulgi
416 1311 514 1376 pesiora
529 1323 610 1361 terror
625 1313 709 1360 habet.

80 1381 132 1432 Cui
147 1383 202 1432 Dea
214 1400 224 1441 ᾗ
240 1384 279 1433 Ne
297 1385 392 1433 nimium
409 1385 503 1434 terrere
516 1383 624 1450 :piabile
637 1385 729 1436 fulanen

118 1455 176 1514 Est,
193 1455 244 1507 ait:
259 1457 284 1507 δι
299 1457 354 1507 saevi
369 1455 472 1506 siestitur
487 1457 523 1506 ira
538 1455 616 1509 Jovis.
800 1467 854 1520 290

78 1529 130 1581 Sed
147 1540 263 1596 poterunt
277 1530 349 1579 ritum
361 1529 433 1579 Picus
449 1530 591 1596 Faunusque
606 1530 687 1596 piandi

119 1601 245 1653 Prodere:
257 1603 360 1652 Romani
376 1619 465 1652 numen
480 1615 583 1673 uterque
601 1604 654 1653 soli.

79 1677 137 1727 Nec
152 1675 204 1725 sine
219 1675 244 1724 vi
257 1677 369 1724 tradent:
384 1675 498 1724 adhibeto
513 1676 609 1724 vincula
625 1674 711 1742 capris.

119 1749 203 1814 Atque
220 1747 272 1805 ita,
290 1748 337 1814 qui
352 1747 465 1813 possint,
485 1749 584 1805 erudit,
599 1760 651 1798 arte
666 1747 730 1812 capi.

77 1822 164 1874 Lucus
179 1820 304 1872 Aventino
319 1821 430 1880 suberat,
449 1821 516 1889 niger
531 1821 592 1871 ilicis
607 1821 709 1880 umbri,
803 1831 853 1885 295

120 1894 180 1960 Quo
195 1894 272 1961 posses
288 1894 339 1945 viso
356 1894 456 1953 dicere,
475 1896 572 1945 Numen
586 1894 655 1945 inesi.

79 1970 111 2020 In
126 1968 207 2018 medio
222 1984 337 2035 gramen,
357 1968 486 2034 muscoque
502 1968 619 2036 adoperta
633 1965 733 2018 virenti.
799 2008 802 2011 .

119 2040 237 2091 Manabat
253 2041 310 2091 saxo
325 2058 388 2091 vena
404 2042 519 2107 perennis
535 2058 613 2107 aque.

80 2116 144 2166 Inde
160 2113 212 2165 sere
228 2114 272 2165 soli
288 2115 382 2166 Faunus
400 2114 520 2178 Picusque
535 2116 659 2164 bibebant.

120 2187 177 2237 Huc
193 2189 280 2247 venit,
299 2188 325 2238 δι
336 2187 408 2237 Fonti
420 2204 463 2235 rex
476 2190 554 2235 Numa
572 2186 658 2235 masiat
673 2201 756 2238 ovem.
805 2196 858 2251 300

80 2260 207 2327 Plenaque
224 2261 319 2310 odorati
333 2259 379 2309 Dis
394 2260 463 2326 ponit
480 2260 569 2325 pocula
585 2258 695 2318 Bacchi,

123 2334 235 2400 Cumque
253 2333 299 2383 suis
314 2348 384 2383 antro
402 2333 514 2383 conditus
531 2331 581 2399 ipse
598 2334 669 2383 latet.

58 2403 61 2412 “
82 2406 124 2461 Ad
142 2407 225 2457 solitos
241 2406 342 2457 veniunt
358 2406 478 2467 silvestria·
487 2405 583 2455 numina
600 2406 701 2465 sontes,

122 2478 154 2528 Et
170 2480 280 2531 relevant
295 2480 372 2531 multo
386 2479 484 2544 pestora
500 2479 564 2528 sicca
580 2496 658 2528 mero.

82 2552 152 2608 Vina
162 2552 229 2616 quies
240 2551 346 2617 sequitur
358 2568 365 2603 z
378 2552 460 2619 gelido
471 2552 549 2601 Numa
559 2552 640 2618 prodit
650 2553 680 2602 ab
691 2562 761 2602 antro
772 2582 782 2610 ,
807 2559 859 2614 305

124 2624 262 2689 Vinclaque
277 2625 364 2691 sopitas
379 2624 446 2673 addit
461 2624 485 2672 in
501 2624 563 2673 arsia
579 2641 671 2676 manus.

80 2700 191 2750 Somnus
206 2708 233 2745 ut
249 2697 382 2755 abscessit,
403 2696 521 2746 tentando
537 2698 632 2747 vincula
647 2708 755 2765 pugnant
779 2689 782 2694 ¹

122 2770 246 2835 Rumpere
260 2780 413 2839 :pugnantes
428 2766 514 2820 sortitis
530 2770 569 2819 ilia
584 2782 692 2829 tenent;

84 2844 152 2895 Tum
162 2846 242 2894 Numa
255 2877 263 2903 ,
281 2841 316 2894 Di
326 2858 450 2892 nemorum
461 2876 469 2901 ,
487 2842 554 2895 fassis
565 2844 683 2911 ignoscite
695 2840 800 2903 nostris,

123 2918 150 2969 Si
165 2916 243 2969 scelus
258 2916 357 2987 ingenio
372 2915 435 2968 scitis
450 2914 528 2983 abeffe
542 2933 609 2970 meo.
810 2924 864 2981 310
