1975 3700
198 227 245 300 88
299 198 341 300 Pss
370 229 561 298 Ονιυιι
587 200 846 308 Nasonis,

186 349 269 400 Neve
287 347 390 398 secuturi
408 347 501 412 possent
517 348 610 397 nescire
626 361 750 414 nepotes,

154 420 188 472 60
236 421 359 487 Tempora
374 421 419 472 Dis
437 422 532 488 generis
548 421 689 471 continuata
705 424 781 472 dedit.

197 495 246 545 Sed
260 496 365 546 Veneris
383 495 487 544 mensem
505 493 584 559 Grajo
597 495 711 544 sermone
726 508 840 546 notatum

233 567 366 636 Auguror:
380 586 392 616 a
407 568 493 634 spumis
509 567 543 616 est
557 567 614 616 Dea
629 568 691 618 ditia
703 571 784 618 maris.

196 641 251 691 Nec
267 643 310 691 tibi
324 641 355 691 sit
371 641 454 690 mirum
472 639 550 706 Grajo
566 658 618 690 rem
635 642 731 691 nomine
749 641 821 700 dici;

234 715 295 764 Itala
311 732 364 764 nam
381 716 452 764 tellus
470 713 566 763 Graecia
582 713 660 779 major
674 727 735 764 erat·

154 785 185 851 65
198 789 310 842 Venerat
326 787 437 837 Evander
451 787 522 852 pleni
538 804 592 836 curn
610 787 680 838 classe
697 789 813 844 suorum,

234 862 343 911 Venerat
358 861 473 912 Alcides:
490 860 579 925 Graius
593 874 697 928 uterque
712 879 798 930 genus.

196 933 292 998 Hospes
307 935 434 984 Aventinis
449 947 581 984 armentum
595 935 664 1000 pavit
677 936 702 983 in
717 935 800 984 herbis

237 1006 370 1075 Claviger3
393 1009 418 1058 ἃ
433 1019 504 1058 tanto
519 1007 552 1056 esl
565 1006 655 1056 Albula
669 1022 727 1072 pota
742 1009 811 1058 Deo.

198 1080 257 1130 Dux
273 1099 369 1148 quoque
385 1081 493 1130 Neritius
507 1097 514 1129 ι
526 1080 598 1130 testes
614 1081 782 1147 Laestrygones
797 1079 899 1132 exstant
911 1115 924 1141 ,

153 1168 188 1217 70
236 1154 267 1202 Et
283 1155 348 1220 quod
362 1154 438 1202 adhuc
455 1154 541 1204 Circes
554 1155 651 1204 nomina
664 1154 721 1203 litus
735 1156 820 1206 babet.

198 1227 230 1276 Et
245 1225 292 1292 jam
309 1227 451 1294 Telegoni,
470 1225 519 1291 jam
533 1227 620 1276 moenia
635 1227 732 1277 Tiburis
747 1229 789 1276 udi

234 1301 353 1349 Stabant:
366 1301 488 1367 Argolicae
503 1301 569 1366 quod
584 1300 688 1366 posuere
705 1317 800 1352 manus.

197 1374 308 1427 Venerat
324 1372 424 1422 Atrides
440 1373 496 1422 fatis
510 1369 615 1440 agitatus
633 1374 736 1423 Halesus
749 1391 759 1432 ς

233 1446 255 1494 A
273 1463 321 1512 quo
337 1445 360 1495 se
377 1447 460 1496 dinam
475 1458 541 1496 terra
556 1447 645 1496 Falisca
658 1459 738 1512 putat.

152 1533 185 1581 75
199 1517 289 1582 Adjice
303 1519 416 1584 Trojanae
432 1520 551 1570 suasorem
564 1519 690 1570 Antenora
704 1519 794 1585 pacis,

234 1591 265 1640 Et
283 1608 398 1659 generum
412 1592 535 1651 OEniden‚
555 1593 652 1658 Appnle
667 1594 756 1656 Daune
767 1627 778 1652 ,
791 1606 881 1646 mum.

196 1664 269 1716 Serus
284 1667 313 1714 ab
329 1667 427 1726 Iliacis,
445 1665 469 1716 δι
485 1667 538 1731 post
554 1668 699 1726 Antenora,
717 1667 818 1717 flammis

234 1738 327 1790 Attulit
338 1736 431 1788 AEneas
445 1740 473 1788 in
484 1740 538 1788 loca
552 1740 631 1789 nostra
645 1741 726 1790 Deos.

180 1811 276 1879 ,Huius
292 1825 344 1864 erat
359 1813 482 1873 Solimus,
502 1812 606 1882 Phrygia
620 1830 703 1864 comes
718 1813 785 1865 exsul
799 1814 830 1865 ab
848 1813 897 1865 Ida
910 1831 923 1873 5

153 1882 187 1935 80
235 1885 258 1937 A
275 1902 323 1953 quo
339 1886 459 1937 Sulmonis
475 1889 563 1936 moenia
578 1904 667 1937 nomen
681 1889 781 1938 habent.

196 1959 318 2009 Sulmonis
329 1960 404 2027 gelidi
415 1993 423 2017 ,
439 1960 542 2025 patriae,
561 1960 726 2017 Germanice,
740 1961 837 2012 nolite.

234 2032 280 2082 Me
290 2032 401 2083 miserum
414 2032 420 2081 !
434 2034 552 2101 Scythico
563 2037 630 2100 quim
642 2036 729 2101 procul
739 2036 780 2085 illa
791 2036 848 2085 solo
859 2035 897 2084 esi
910 2035 919 2084 ἔ

195 2104 261 2173 Ergo
272 2122 319 2172 ego
327 2103 337 2154 l
346 2119 394 2157 tam
404 2108 487 2174 longas
499 2107 540 2156 sed
551 2108 669 2173 supprime
678 2140 685 2165 ,
693 2106 778 2167 Musa,
786 2112 922 2175 querelas;

231 2180 288 2228 Non
302 2178 346 2229 tibi
359 2179 412 2230 sunt
427 2179 505 2230 maeslli
519 2180 583 2229 sacra
597 2182 704 2231 canenda
719 2181 783 2249 lyri.

153 2249 185 2315 85
201 2250 259 2317 Qud
274 2268 323 2303 non
336 2253 410 2303 Livor
423 2252 493 2303 abit?
514 2252 568 2303 sunt
582 2255 622 2320 qui
632 2255 676 2304 tibi
691 2255 781 2305 mensis
790 2254 919 2308 honorem

234 2325 349 2392 Eripuisse
364 2328 459 2385 uelint,
477 2326 668 2393 invideantque,
684 2330 780 2380 Venus.

196 2396 279 2456 Nam,
296 2400 351 2465 quia
362 2401 416 2452 Ver
428 2400 507 2465 aperit
523 2413 582 2449 tunc
593 2402 688 2459 omnia,
707 2401 830 2469 densaque
844 2403 923 2454 cedit

129 2508 135 2521 .
231 2472 338 2539 Frigoris
351 2472 485 2537 asperitas,
499 2468 599 2543 setaque
612 2486 677 2523 terra
691 2474 753 2540 parit
765 2492 773 2531 ς

194 2542 302 2610 Aprilem
320 2557 455 2595 memorant
471 2546 501 2595 ab
517 2558 605 2611 aperto
618 2559 730 2612 tempore
748 2547 836 2597 ditum
852 2565 869 2607 5

149 2630 184 2682 90
233 2616 313 2680 Quem
328 2620 414 2670 Venus
431 2616 517 2683 injesii
532 2619 637 2669 vindicat
652 2622 714 2669 alma
729 2636 809 2669 manu.

193 2692 237 2742 llla
251 2690 347 2757 quidem
362 2704 441 2741 totum
457 2691 594 2759 dignissima
608 2704 733 2758 temperat
746 2694 856 2755 orbemf,

231 2764 273 2813 llla
290 2776 358 2815 tenet
371 2764 438 2815 nullo
454 2780 528 2831 regna
544 2765 637 2815 minora
652 2766 710 2815 Deo
724 2783 734 2824 ;

193 2836 297 2903 luraque
314 2837 354 2886 dat
370 2838 456 2895 coelo,
471 2850 562 2896 terrae,
580 2840 699 2889 natalibus
714 2838 805 2897 undis3

229 2909 325 2977 Perque
340 2926 398 2963 suos
414 2911 486 2963 initus
503 2911 615 2963 concuret
631 2929 703 2963 omne
717 2928 807 2982 genus.
