1975 3700
212 289 264 366 50
312 267 355 338 P.
380 267 831 339 Or>1n11=Nasours

210 389 250 442 Eli
261 391 349 437 locus.
342 403 349 416 ·
362 386 452 452 antiqui
466 385 586 452 Capream
597 385 680 435 dixere
689 388 813 454 paludem.

247 462 321 512 Forte
333 461 380 510 tuis
391 461 459 516 illic,
477 459 601 517 Romule,
618 459 672 527 jura
686 461 767 510 dabas.

210 536 254 588 sot
263 535 345 602 fugit,
365 538 390 584 bt
403 542 531 586 removent
546 534 669 583 subeuntia
681 533 892 596 ntrbilaeoelunt,

246 607 278 659 Et
291 608 369 677 gravit
383 597 476 658 effusis
479 608 581 657 decidit
584 608 661 657 imber
673 624 751 674 equis
877 635 883 646 =
968 616 974 659 l

147 701 199 756 495
210 683 276 734 Hinc
290 693 379 738 tonat,
384 683 454 734 hinc-
467 683 544 730 missis
557 682 707 746 abrumpitur
722 682 817 748 ignibus
831 681 929 734 aethet.

247 756 285 806 Fit
296 757 372 824 luga
365 791 371 805 .
385 754 437 804 Rex
453 754 606 821 patriis-astra
620 756 719 822 petebat
732 757 810 821 equis.

209 829 296 881 Ludius
307 841 359 878 erat
371 861 379 886 ‚
394 829 507 895 falsaeque
518 827 601 878 Patres
611 827 636 878 ln
652 827 751 878 crimine
762 827 855 880 cedis:

124 897 126 900 ’
246 903 404 969 Haesilletque
417 903 501 952 animis
516 903 618 952 forsitan
632 903 672 950 illa
686 901 756 951 fides.

208 977 258 1027 Sed
268 975 385 1028 Proculus
397 977 480 1044 Longi
494 977 609 1025 veniebat
618 975 695 1027 Julius
710 975 792 1027 hutz

148 1067 199 1120 500
247 1049 363 1116 Lunaque
379 1051 505 1116 fulgebat,
521 1055 567 1098 n'ec
581 1049 640 1098 facit
655 1048 709 1098 usus
724 1061 786 1099 erat.
815 1076 819 1083 ·

210 1121 272 1173 Clun
288 1124 365 1171 subito
379 1137 446 1171 motu
458 1124 534 1172 nubes
544 1121 781 1188 crepuere-sinistrae.

245 1195 351 1246 Rettulit
364 1197 405 1244 ille
420 1195 529 1262 gradun,
546 1197 742 1262 horrueruntque
759 1213 845 1246 comae.

208 1267 330 1327 Pulcher,
350 1269 375 1318 bt
390 1269 493 1318 humano
508 1269 605 1334 major,
625 1271 756 1335 trabebque
770 1271 901 1330 decorus,

244 1342 362 1391 Romulus
376 1343 399 1391 in
410 1343 488 1391 medii
498 1344 561 1392 v‘ilus
571 1341 649 1392 ndeffe
663 1343 701 1392 vil
712 1376 720 1401 ‚

148 1433 197 1484 505
211 1415 242 1466 Et
258 1415 339 1466 dixille
353 1417 443 1474 simul;
462 1415 565 1465 Prohibe
579 1418 665 1482 lugere
678 1415 809 1479 Quiritem

244 1490 299 1538 Nec
309 1490 629 1556 violent-lacrymismumina
640 1490 718 1538 nollra
730 1490 785 1538 luis.

206 1561 274 1613 Tura
284 1562 362 1612 ferant
372 1564 536 1628 ,placentque
548 1579 637 1612 novum
648 1563 686 1628 pla
696 1565 768 1612 turba
779 1562 926 1626 Quirinum.

245 1635 277 1685 Et
291 1637 379 1700 patrias
392 1649 459 1686 artes
473 1637 629 1702 militiamque
643 1638 735 1685 colant.
805 1648 809 1654 ⁴

206 1708 301 1762 Jusrit':
315 1709 357 1759 δι
351 1727 375 1759 rn
388 1721 474 1759 tenues
486 1711 563 1759 oculis
578 1710 677 1758 evanuit
690 1724 773 1758 auras.
826 1713 835 1720 ''

146 1799 196 1848 510
245 1782 374 1832 Convocat
385 1784 423 1832 hic
436 1782 536 1840 Patres,
554 1769 660 1849 juffaque
674 1785 755 1832 verbu
759 1782 846 1849 refert.

206 1856 309 1923 Templa
320 1856 378 1907 Deo
390 1857 471 1906 frunt·
487 1858 556 1908 tollii
571 1869 669 1924 quoque
684 1858 759 1907 uuus
774 1855 861 1906 abillo
873 1874 885 1916 ς

243 1930 275 1980 Et
287 1930 395 1979 referunt
410 1931 470 1979 'certi
485 1930 549 1981 sacra
564 1933 671 1997 paterna
678 1932 739 1980 dl'es.
825 1936 829 1944 '

205 2001 258 2054 bur
269 2008 366 2070 quoque
377 2020 420 2053 cur
430 2004 513 2053 eadem
525 2005 660 2065 Stultorum
669 2004 727 2053 festa
736 2016 844 2053 vocetur
855 2039 863 2064 ,

244 2076 356 2143 Accipe
349 2094 356 2106 ·
368 2094 441 2144 parva
452 2078 549 2144 quidem
562 2077 649 2136 causa,
668 2077 708 2127 sed
724 2090 779 2143 apta
794 2078 884 2128 subest.

145 2150 266 2215 511N0n5
277 2151 360 2200 habult
371 2153 443 2202 tellus
458 2150 542 2200 doflos
557 2154 652 2218 antiqua
664 2153 786 2209 colonos;

243 2223 366 2295 Lallabant
377 2226 450 2293 agiles
465 2224 546 2290 alpeta
557 2226 706 2274 bellaviro's.

206 2294 263 2347 Plus
274 2310 327 2348 erat
339 2300 362 2347 in
373 2299 470 2365 gladio,
489 2300 558 2363 qulln
570 2313 646 2347 curvo
656 2297 732 2346 laudis
742 2307 845 2347 aratro.

242 2371 375 2439 Negleftus
389 2371 485 2420 domino
499 2385 575 2436 pauca
589 2372 684 2421 ferebat
698 2386 764 2438 ager.

205 2442 277 2494 Farra
288 2456 368 2494 tamen
378 2456 476 2493 veteres
487 2442 627 2508 jaciebam,
644 2444 705 2494 farra
717 2444 864 2495 metebant:

144 2532 195 2582 520
245 2516 362 2567 Primitiae
376 2518 461 2566 Cereri
472 2518 533 2566 farra
546 2518 635 2567 tesedia
646 2518 742 2566 dabant.
791 2538 795 2547 ¹

205 2591 295 2643 Usibus
306 2592 421 2641 admoniti
433 2591 531 2640 dammis
542 2591 657 2640 torrenda
670 2590 760 2641 dedere
771 2623 779 2650 ‚

241 2664 369 2730 Multaque
384 2678 487 2731 peccato
503 2665 587 2714 damna
602 2664 681 2714 tulere
698 2664 750 2714 suo.

204 2738 266 2789 Nam
280 2736 352 2808 modo
365 2740 496 2789 verrebant
509 2739 588 2805 nigras
601 2756 646 2803 pro
657 2738 721 2787 farre
730 2736 847 2796 favillasg

241 2812 314 2861 Nunc
324 2811 384 2877 ipsas
397 2812 446 2879 igni
459 2813 598 2875 corripuere
611 2812 684 2861 casas.

143 2896 192 2949 525
206 2884 275 2935 Falla
287 2886 341 2934 Dea
355 2884 388 2934 est
400 2886 494 2937 Fornax
507 2901 515 2934 τ
529 2885 579 2933 laeti
589 2884 699 2934 Fornace
711 2882 797 2933 coloni
824 2884 829 2904 ¹

240 2957 340 3019 Orant,
357 2959 481 3026 utumges
493 2961 619 3027 temperet
628 2958 671 3008 illa
685 2958 749 3011 luat.
