1975 3700
355 239 534 306 Iuro.
725 233 800 329 387

89 354 169 406 Natus
187 366 214 404 ut
230 352 334 404 Aisbreae
349 354 449 406 flammis
464 353 600 405 absentibus
616 350 693 412 arsit,

128 428 170 477 Sic
184 440 241 476 tuus
258 427 367 478 ardescat
381 428 464 495 stipitis
480 430 537 496 igne
554 443 638 494 rogus.

90 500 128 550 Ut
145 517 209 550 nova
226 499 341 550 Phasiaci
356 500 487 568 compressa
504 501 537 550 est
553 512 627 567 nupta
644 498 754 559 cononi,

128 572 213 639 thue
228 586 299 638 pater
313 587 415 641 nupta,
432 591 535 640 cumque
551 583 652 642 parente
668 573 763 623 domus.
820 620 822 628 ,

91 645 128 696 Ut
145 662 219 696 cruor
233 646 372 698 Herculeos
388 647 447 698 abiit
463 647 559 698 diffusus
575 647 600 696 in
616 659 703 703 artus,
811 641 862 710 605

129 717 240 784 Corpora
256 720 393 784 pestiserum
409 721 444 770 sic
460 732 504 770 tua
519 721 584 770 virus
600 719 666 768 edat.

83 790 150 856 ¹Qui
164 792 205 842 sua
218 791 354 843 Penthiden
369 795 451 860 proles
465 793 500 843 esi
513 794 563 844 ulta
579 792 739 860 Lycurgum,

131 864 192 916 Haec
206 878 302 916 maneat
316 867 362 917 teli
375 880 403 917 te
417 882 517 933 quoque
532 867 603 933 plaga
619 867 686 916 novi.

92 939 178 1003 thue
194 938 294 997 Milon,
310 942 385 990 robur
400 940 514 990 diducere
529 938 603 989 fissile
619 951 720 998 tentes,

131 1011 186 1060 Nec
201 1011 280 1078 possis
295 1026 378 1080 captas
392 1013 448 1062 inde
464 1013 557 1064 referre
573 1028 665 1061 manus.
701 1037 703 1042 ·
810 1007 865 1063 610

92 1083 286 1152 Muneribusque
298 1086 347 1136 tuis
362 1086 472 1144 laedaris,
488 1097 516 1136 ut
531 1085 633 1148 1carus;
648 1085 672 1134 in
686 1099 759 1152 quern
779 1091 783 1098 '

129 1157 215 1206 intulit
230 1171 331 1209 armatas
348 1159 414 1208 ebria
429 1159 499 1208 turba
514 1174 608 1208 manus.

94 1227 220 1295 Quodque
236 1229 322 1280 dolore
337 1231 403 1280 necis
420 1231 503 1295 patriae
519 1231 558 1297 pia
574 1229 622 1279 filia
637 1228 716 1289 fecit,

130 1302 236 1352 Vincula
250 1319 295 1368 per
308 1305 390 1370 iaquei
403 1304 440 1353 sac
456 1304 501 1352 tibi
518 1315 601 1369 guttur
617 1313 684 1354 eant.

93 1373 273 1440 Obstrusioque
289 1376 376 1426 samem
392 1377 488 1442 patiaris
504 1376 583 1425 limine
598 1374 678 1432 seui,
813 1373 865 1437 615

132 1448 168 1498 Ut
180 1449 259 1515 segem
275 1465 354 1513 poenae
368 1450 407 1498 cui
423 1449 491 1500 dedit
506 1449 555 1514 ipsa
571 1463 667 1514 parens.

92 1521 162 1571 lilius
179 1522 290 1587 exemplo
306 1523 383 1592 violes
399 1523 526 1573 simulacra
542 1521 650 1580 Dianae,

132 1593 227 1643 Aulidis
243 1612 257 1643 a
272 1608 345 1662 portu
362 1596 404 1661 qui
420 1596 474 1644 iere
492 1595 568 1644 vertit
584 1595 641 1646 iter.
666 1635 672 1648 .

93 1666 268 1731 Naupliadaeve
283 1668 378 1726 modo,
394 1666 450 1718 fisso
462 1683 509 1733 pro
524 1668 622 1718 crimine
635 1700 642 1726 ,
657 1681 741 1732 poenas

132 1740 217 1793 Morte
234 1742 310 1800 suast
327 1757 374 1790 nec
390 1754 416 1791 te
433 1757 483 1791 uon
499 1739 608 1791 meruisse
625 1739 704 1806 juvet.
815 1734 869 1788 620

95 1811 224 1881 AEthalion
237 1814 288 1865 viti
304 1812 415 1883 spoliarit
429 1827 457 1865 ut
474 1814 544 1865 isidis
560 1813 667 1881 hospes,

132 1886 214 1951 Quem
227 1904 347 1939 memora
363 1887 433 1939 sacris
448 1904 512 1939 nuuc
527 1904 624 1955 quoque
641 1886 710 1954 pellit
725 1886 781 1945 lon.

93 1960 179 2027 thue
197 1960 339 2013 Melantheir
354 1961 460 2012 tenebris
478 1962 574 2011 acarde
591 1962 707 2011 latentem

132 2033 243 2085 Prodidit
258 2033 342 2085 officio
358 2036 452 2085 lumirris
467 2036 527 2085 orba
541 2050 647 2101 parenst
740 2046 746 2061 '

95 2107 136 2158 Sic
149 2119 192 2157 tua
207 2107 325 2174 conjeSiis
340 2108 462 2174 fodientur
477 2106 576 2173 pedore
592 2108 668 2157 telis:
815 2102 866 2169 625

132 2180 192 2238 Sic,
208 2197 315 2247 precor,
333 2183 428 2233 auxiliis
443 2182 574 2245 impediare
592 2180 654 2230 tuis:

95 2251 183 2316 Qualis
200 2270 276 2325 equos
292 2254 379 2321 pauo,
395 2271 458 2323 qrtos
470 2254 543 2305 sortis
558 2254 645 2321 agebat
658 2242 785 2313 Achihes‚

131 2326 192 2375 Asia
204 2322 297 2395 Phrygi
312 2324 396 2379 timido
413 2344 483 2386 nox,
500 2327 544 2380 tibi
561 2326 615 2375 talis
632 2338 682 2391 eat.
731 2351 734 2360 =

95 2398 150 2447 Nec
168 2411 214 2457 tu,
231 2404 302 2466 quim
319 2399 430 2460 Rhesus,
448 2399 531 2451 somno
546 2392 647 2450 meliore
665 2398 770 2457 sruaris;

133 2470 213 2533 Quim
229 2473 330 2525 comites
344 2473 419 2523 Rhesi
432 2486 483 2529 tum
498 2474 565 2524 necis
577 2506 584 2532 ,
598 2485 657 2523 ante·
669 2472 732 2521 viaet
814 2468 869 2535 630

96 2544 133 2594 Ut
148 2560 209 2609 quos
227 2562 281 2595 cum
295 2545 388 2596 Rutuso
403 2547 483 2597 motti
491 2546 626 2597 Rhamnete
642 2544 762 2594 dederunt
831 2556 834 2560 ·

134 2616 238 2685 Impiger
255 2618 423 2685 Hyrtacides,
440 2618 629 2687 Hyrtaciriaeque
644 2633 736 2668 comes.

96 2686 244 2741 Cliniadaeve
261 2692 354 2751 modo,
371 2693 533 2743 circumdatus
549 2691 643 2759 ignibus
659 2688 717 2740 atris

133 2760 244 2812 Membra
259 2765 322 2815 seras
335 2765 427 2833 Stygiae
444 2764 607 2817 semicremata
621 2764 678 2814 rati.

98 2833 165 2885 Utve
181 2834 260 2886 Remo
273 2855 354 2889 muros
371 2838 428 2888 auso
443 2839 544 2888 transire
558 2848 690 2896 recentes,
814 2830 867 2899 635

131 2908 216 2960 Noxia
232 2909 279 2963 siut
296 2911 369 2981 capiti
385 2910 471 2965 rustica
487 2913 537 2965 tela
554 2922 608 2965 tuo.
708 2977 761 3033 R„

744 2998 762 3051 ¹1
