1975 3700
175 235 640 306 FAsronvanrn.
668 236 697 304 1.
749 255 798 331 35

86 356 184 407 Saecula
199 355 317 408 cessabant
329 373 335 407 :
350 355 461 421 versique
473 356 497 404 in
507 356 554 422 pisa
566 357 679 422 ligones,

120 431 241 496 Fassaque
259 431 289 480 de
303 429 367 480 rastri
380 432 488 496 pondere
500 429 573 498 cassis
586 441 649 478 erat.
809 443 863 490 700

88 501 174 553 Gratia
185 503 252 560 Dis,
268 503 396 569 domuique
408 516 455 551 rnae
469 519 475 550 :
489 503 590 567 religata
605 501 698 553 catenis

121 576 277 642 jampridem
291 577 370 626 nostro
382 577 422 628 sub
432 575 496 642 pede
507 576 574 624 Bessa
583 572 676 641 jacent.

86 648 259 718 subjugastis
273 652 353 700 veniat
365 684 372 708 ,
391 650 431 699 sub
446 657 524 698 terras
535 649 616 697 semen
626 659 715 699 aratus.

123 721 173 775 Pax
186 723 301 774 Cererem
316 725 390 774 nutrit
402 740 408 773 :
422 724 487 790 pacis
499 723 593 771 alumna
607 720 696 774 Ceres.

85 794 138 845 AT
153 813 206 862 quae
216 811 330 848 venturas
341 797 463 864 precedet
476 797 542 846 sexta
556 795 689 855 kalendas,
808 809 844 858 70
847 811 862 859 5

124 870 178 920 Hac
193 871 245 920 sunt
256 871 348 920 Ledaeis
359 872 448 936 templa
464 870 543 918 dicata
554 869 625 917 Deis.

85 942 208 994 Fratribus
223 945 263 994 isla
274 945 335 996 Deis
350 944 437 994 fratres
452 943 482 991 de
494 953 567 1009 geute
578 941 691 992 Deorum
750 975 754 982 -
789 975 797 982 -

126 1014 198 1065 Circa
210 1017 317 1068 suturnae
328 1017 485 1083 composuere
497 1017 572 1064 lacus.
623 1058 629 1080 .»
724 1075 729 1082 .

84 1087 215 1142 IPSUM
227 1108 271 1141 nos
287 1107 382 1140 carmen
398 1090 496 1139 deducit
509 1087 576 1137 Pacis
590 1082 620 1135 ad
635 1103 709 1138 aram.

124 1162 185 1212 Haec
201 1166 247 1214 erit
257 1181 272 1212 a
283 1165 370 1214 mensis
384 1161 432 1214 fine
446 1161 549 1216 secunda
564 1161 624 1218 dies.
807 1174 860 1223 710

84 1236 221 1287 frondibus
234 1237 336 1287 Asiiucis
348 1251 443 1288 comtos
454 1234 567 1284 redimita
577 1230 696 1299 capillos,

123 1308 174 1360 Pax
187 1311 243 1360 ades
255 1329 264 1369 ς
281 1311 373 1361 &toto
384 1310 446 1359 mitis
457 1310 482 1357 in
493 1309 552 1357 orbe
564 1324 642 1356 mane.
695 1308 697 1312 ’
794 1337 798 1346 -

85 1383 155 1432 Dum'
170 1383 254 1436 desunt
264 1383 343 1434 hostes
355 1418 363 1442 ,
381 1383 443 1434 desit
453 1397 551 1448 quoque
562 1380 630 1429 causa
639 1377 762 1444 triumphi·

124 1456 165 1505 Tu
178 1458 279 1506 ducibus
289 1459 354 1506 bello
367 1457 444 1523 gloria
454 1453 530 1519 major
541 1454 599 1502 eris.

86 1529 145 1579 Sola
160 1544 229 1596 gerat
239 1531 323 1589 miles,
339 1531 425 1595 quibus
437 1545 502 1576 arma
513 1528 627 1576 co'e'rceat
638 1559 647 1584 ‚
661 1542 726 1574 arma
736 1541 746 1586 ἦ
809 1539 863 1589 715

125 1603 292 1670 Canteturque
307 1603 378 1662 ferd,
396 1602 428 1650 ml
440 1601 484 1650 nisi
495 1617 603 1667 pompa,
621 1599 689 1648 ruha.

85 1674 195 1726 Horreat
206 1673 327 1726 AEneadas
342 1677 365 1726 &
378 1676 467 1740 primus
482 1675 509 1723 &
522 1675 619 1722 ultimus
634 1674 699 1733 orbis
711 1688 725 1730 3,

122 1749 152 1798 'Si
166 1767 211 1814 qua
222 1765 305 1814 parurn
317 1749 416 1798 Romam
431 1760 497 1800 terra
507 1746 625 1808 timebit,
642 1756 719 1795 amet.

85 1823 175 1881 Tura,
194 1823 351 1883 sacerdotes,
369 1821 490 1887 pacalibus
504 1818 585 1884 addite
600 1817 720 1875 flammis3
781 1837 784 1844 ·

124 1898 235 1964 Albaque
247 1896 357 1963 percussi
368 1895 461 1945 vinum
475 1894 558 1943 sronte
573 1892 652 1943 cadat.
810 1905 863 1951 720

86 1971 173 2037 thue
184 1971 284 2027 domus,
297 1988 349 2036 quae
360 1968 453 2036 prestat
463 1984 534 2025 eam,
544 1983 600 2015 cuni
611 1964 673 2016 Pace
682 1976 819 2031 perennet,

126 2044 167 2093 Ad
181 2044 217 2109 pia
230 2044 363 2110 propensos
373 2055 432 2091 vota
446 2054 531 2107 rogate
545 2040 623 2089 Deos.

88 2117 139 2167 Sed
152 2116 199 2179 jam
210 2118 284 2181 prima
295 2117 343 2165 mei
353 2133 407 2180 pars
421 2112 454 2165 est
466 2114 549 2163 entra
560 2113 650 2163 laboris
661 2127 671 2171 3

129 2190 239 2257 Cumque
255 2192 297 2244 suo
308 2189 383 2241 finem
395 2188 476 2238 mense
484 2188 587 2237 libellus
596 2187 680 2240 haber.
767 2206 771 2211 >

404 2374 406 2384 Ι

124 2473 132 2485 1
184 2460 191 2477 ι
299 2460 304 2472 '¹
