1975 3700
195 235 484 304 Tntrrrvm
512 233 813 330 Lta..1.·177

96 355 160 407 Haec
178 371 268 422 precor
285 365 313 404 ut
327 353 418 417 semper
433 351 528 418 possint
541 352 587 405 tibi
603 353 660 404 salsa
674 356 771 416 videri3
823 371 852 420 15

135 429 198 480 Sunt
213 441 294 478 tamen
311 438 401 478 eventu
417 441 473 476 vera
491 426 589 478 fatenda
605 445 671 479 meo.

96 503 166 553 Dum
182 500 309 560 stetimus,
327 501 404 550 turbae
418 511 533 566 quantum
546 499 602 550 satis
614 500 690 560 esset,
707 502 811 554 habebat

135 575 202 624 Nota
217 573 332 640 quidem,
348 573 390 622 sed
406 589 455 622 non
470 572 613 632 ambitiosa,
632 576 728 626 domur.

95 647 132 699 Ar
150 647 222 697 simul
239 646 337 712 impulsa
353 645 407 704 ess3
426 661 510 696 omnes
526 646 628 696 timuere
642 649 755 708 ruinam,
833 678 841 694 ·.

136 721 264 786 Cautaque
278 719 397 769 communi
410 729 480 786 terga
495 719 585 769 dedere
601 719 674 787 sugae.
819 739 854 775 20

95 794 169 846 Saeva
185 810 231 843 nec
248 793 353 842 admiror
368 803 481 842 metuunt
494 792 517 841 si
529 791 644 852 fulmina,
664 811 766 873 quotum

134 866 232 934 Ignibus
249 866 322 916 afflari
338 866 447 932 proxima
464 881 565 930 quaeque
579 865 673 929 vident.

95 940 147 992 Sed
160 951 241 990 tamen
258 939 283 988 in
297 939 362 990 duris
377 950 540 990 remanentem
555 939 628 988 rebus
643 939 763 1001 amicum,

133 1013 277 1078 Quamlibet
292 1011 387 1070 inviso,
407 1011 505 1069 calar,
523 1011 548 1062 in
563 1009 651 1069 hoste,
667 1015 762 1079 probat.

95 1087 153 1140 Nec
167 1087 228 1136 solet
242 1085 330 1143 irasci,
347 1101 427 1150 neque
444 1085 508 1135 enim
523 1084 672 1136 moderatior
687 1088 769 1147 alter,
817 1104 850 1153 25

135 1157 199 1210 clm
215 1160 267 1225 quis
284 1159 308 1208 in
321 1159 447 1216 adversis,
467 1158 487 1206 si
505 1158 562 1224 quid
576 1159 684 1217 amavit,
697 1173 770 1212 amat.

96 1235 138 1284 De
155 1233 245 1283 comite
262 1231 371 1298 Argolici
387 1231 438 1296 post
454 1235 525 1296 quim
540 1232 657 1298 cognovit
674 1232 787 1295 Orestae,

134 1307 254 1356 Narratur
268 1303 375 1371 Pyladen
391 1304 439 1370 ipse
453 1303 561 1368 probasse
578 1305 672 1356 Thoas.

96 1379 161 1444 Quae
176 1379 223 1428 suit
239 1377 359 1428 Asioridae
374 1393 428 1426 cum
444 1393 530 1444 magno
545 1376 638 1444 semper
652 1379 768 1439 achille,

134 1452 237 1502 Laudari
252 1451 322 1501 solita
336 1449 369 1500 est
385 1449 498 1500 Hesloris
514 1467 558 1500 ore
571 1449 642 1508 fidet.
817 1465 852 1518 30

96 1526 173 1592 Quod
185 1525 239 1591 pius
255 1525 284 1574 ad
302 1540 383 1574 manes
396 1520 507 1572 Theseus
522 1540 604 1574 comes
621 1524 674 1575 isset
688 1525 786 1584 amico,

134 1600 278 1648 Tartareum
295 1597 377 1646 dicunt
392 1595 515 1646 indoluisse
532 1597 623 1646 Deum.

81 1673 196 1739 'Euryali
214 1671 313 1738 Nisique
329 1669 376 1718 fide
392 1670 454 1728 tibi,
471 1670 576 1728 Turne,
593 1669 689 1729 relati,

135 1743 259 1794 Credibile
277 1743 310 1794 est
324 1743 436 1810 lacrymis
453 1742 595 1792 immaduisse
614 1759 697 1810 genas.
793 1789 807 1816 ’,Β

94 1818 136 1871 Eli
152 1818 226 1871 etiam
242 1815 330 1869 miseris
347 1817 443 1883 pietas,
465 1816 489 1867 dr
506 1816 531 1865 in
545 1815 751 1881 hoste·probatur.
790 1869 796 1877 ,
815 1831 848 1885 35

135 1893 182 1942 liei
194 1892 251 1941 mihi
264 1892 269 1940 Ι
284 1894 353 1958 quarn
363 1906 453 1956 paucos
464 1890 516 1939 haec
526 1906 580 1940 mea
591 1890 651 1938 dista
661 1905 761 1942 movent
774 1891 780 1941 l

95 1966 144 2017 Hic
162 1966 252 2024 slatus,
271 1965 323 2015 haec
340 1981 420 2015 rerum
436 1980 500 2013 nunc
514 1964 546 2013 esi
559 1964 656 2013 fortuna
671 1981 796 2027 mearum,

134 2040 234 2089 Debeat
249 2050 275 2087 ut
289 2039 400 2105 lacrymis
414 2038 493 2086 nullus
508 2036 586 2087 adesse
599 2038 695 2087 modus.
833 2094 837 2101 ¹

96 2113 131 2163 At
146 2128 200 2163 mea
217 2112 288 2170 sunt,
306 2112 405 2177 proprio
422 2111 529 2176 quamvis
545 2109 691 2159 maestissima
705 2111 779 2172 casu,

134 2185 236 2235 Peslora
251 2184 360 2250 processu
377 2182 437 2233 sasia
453 2184 536 2232 serena
552 2195 606 2234 tuo.
815 2201 852 2249 40

97 2259 156 2309 Hoc
175 2270 318 2307 eventurum
335 2256 382 2321 jam
398 2269 466 2315 tum,
487 2255 628 2314 carissime,
644 2256 693 2305 vicfi
705 2290 720 2321 t

133 2333 221 2383 Ferret
236 2332 313 2381 adhuc
329 2330 394 2379 istam
409 2328 461 2379 crim
479 2329 557 2379 minor
572 2346 630 2378 aura
646 2342 732 2382 ratem.
818 2386 823 2398 Ι

96 2404 154 2459 Sive
167 2404 265 2471 aliquod
277 2420 368 2453 morum
380 2436 388 2462 ‚
405 2404 446 2453 sen
461 2402 517 2453 vitae
528 2403 587 2453 ‚labe
603 2404 706 2455 carentis

133 2477 172 2531 Est
187 2477 313 2545 pretiumt
330 2492 402 2527 nemo
416 2476 490 2542 pluris
502 2475 625 2525 habendus
642 2476 696 2525 erit.

95 2552 154 2603 Sive
169 2568 214 2618 per
231 2551 345 2618 ingenuas
363 2550 446 2615 aliquis
464 2561 535 2613 caput
550 2548 636 2599 extulit
652 2562 736 2611 atter,
771 2585 775 2591 -
814 2565 849 2617 45

133 2624 258 2689 Quaelibet
275 2624 374 2689 eloquio
389 2624 416 2671 fit
429 2624 493 2671 bona
512 2621 579 2671 causa
594 2634 647 2684 tuo,

95 2698 142 2749 llis
159 2714 207 2765 ego
224 2708 379 2754 commotus,
400 2696 447 2744 dixi
464 2693 508 2743 tibi
524 2694 635 2761 protinus
649 2694 718 2760 ἐρεῖς

132 2772 212 2821 Stena
228 2782 310 2821 manet
324 2769 394 2818 dotes
408 2768 521 2836 grandis,
539 2769 634 2827 amice,
650 2780 716 2819 tuas.

94 2845 157 2895 Haec
175 2844 232 2893 mihi
247 2860 296 2893 non
311 2842 391 2891 ovium
405 2840 472 2891 fibrae
484 2841 621 2891 tonitrusve
638 2841 744 2898 sinistri,

130 2916 257 2985 linguave
274 2915 393 2979 servatae,
412 2930 543 2983 pennave,
562 2914 697 2987 dixitavis.
819 2932 852 2981 ςο

706 2986 732 3037 Η
746 3004 763 3039 v
