1975 3700
15 273 22 324 l

156 243 686 315 Fnsroavntdrndl.
736 263 788 337 57

85 365 172 416 Lumen
187 365 216 416 ad
231 365 343 432 exiguum
359 365 454 414 santulae
470 363 525 414 data
540 363 612 428 pensa
626 363 775 424 trahebant,

119 441 181 488 lnter
195 456 252 504 quas
267 437 335 488 tenui
350 438 384 487 sic
399 438 432 486 ait
447 437 496 502 ipsa
510 437 579 486 sono·

18 523 24 562 ⁸,
86 512 202 562 Mittenda
212 509 244 560 est
254 511 351 560 domino
361 508 372 574 (
382 527 460 568 nunc,
471 527 535 559 nunc
544 521 674 575 properate
681 543 690 568 ‚
698 511 835 580 puellae)74
839 525 852 575 5

120 585 197 648 Quam
206 582 306 649 primdm
323 583 401 632 nostri
413 581 473 632 fasta
488 584 585 632 lacerna
599 601 679 632 manu.

86 655 149 721 Quid
163 671 244 708 tamen
259 654 373 707 audistis?
392 673 445 704 nam
461 657 530 720 plura
544 655 627 706 audire
642 657 735 709 soletis.

121 729 241 794 Quantum
259 729 288 779 de
304 729 370 778 bello
385 729 473 778 dicitur
487 727 534 778 esse
552 727 644 793 super?

15 833 21 865 t
85 801 209 854 Pollmodo
225 803 285 852 viiia
302 803 373 850 cades
385 818 392 852 :
404 801 561 859 melioribus,
584 801 684 863 Ardea,
701 804 793 864 celtae,

120 876 249 942 Improba,
270 892 322 940 quae
338 874 430 924 noslros
446 874 514 940 cogis
530 873 607 924 abesse
625 876 700 926 viros.
801 896 815 944 7
821 895 854 943 50

15 999 16 1020 q
85 949 136 1000 Sint
150 945 242 998 tannim
258 948 360 998 reduces
371 945 431 996 :sed
448 946 511 996 enim
525 948 665 998 temerarius
680 949 723 1002 ille

119 1021 158 1072 Esl
173 1037 261 1080 meus;
279 1020 304 1070 &
320 1019 398 1068 sirislo
414 1021 523 1085 quolibet
539 1019 594 1070 ense
607 1020 666 1072 ruit.

82 1094 154 1146 Mens
169 1095 237 1152 abit,
256 1094 281 1143 &
296 1093 405 1151 morior,
422 1093 518 1158 quoties
533 1093 659 1160 pugnantis
673 1093 752 1165 imago

118 1168 161 1218 Me
178 1167 258 1218 subit:
273 1167 298 1218 ὃ(
316 1167 420 1234 gelidum
434 1165 533 1232 pestora
548 1166 623 1234 frigus
640 1168 723 1220 habet.

83 1241 179 1292 Desinit
195 1241 219 1289 in
235 1243 352 1308 lacrymas
366 1239 526 1306 :intentaque
541 1237 579 1293 fila
595 1239 715 1302 remittit,
801 1259 854 1311 755

120 1315 147 1364 ln
164 1315 256 1380 gremio
270 1314 363 1363 vultum
377 1313 537 1380 deposuitque
552 1312 627 1364 suurn.

83 1386 139 1438 Hoc
156 1387 230 1453 ipsum
248 1387 329 1436 decuit
342 1402 349 1436 t
363 1387 474 1454 lacryma:
492 1385 604 1436 cecidere
621 1377 736 1451 pudiea.

119 1460 151 1511 Et
167 1461 241 1510 facies
257 1460 337 1508 animo
353 1459 470 1526 dignaque
485 1477 575 1526 parque
592 1459 645 1508 suit.

82 1533 150 1585 Pone
167 1545 275 1591 metum,
291 1533 382 1590 venio,
400 1531 490 1596 conjux
507 1532 548 1582 ait.
564 1532 608 1581 llla
622 1531 731 1596 revixit;

118 1608 208 1672 Deque
223 1607 268 1654 viri
285 1607 349 1656 collo
367 1605 437 1654 dulce
453 1605 569 1670 pependit
584 1622 655 1658 onus.
719 1671 723 1678 ι
801 1608 855 1674 760

83 1681 180 1732 Interea
197 1678 293 1741 iuvenis
309 1677 409 1728 furiatos
424 1678 504 1744 regius
521 1677 588 1744 ignes

121 1752 256 1818 Concipit,
274 1751 299 1802 δι
315 1767 381 1800 caeco
398 1764 479 1816 raptus
493 1767 576 1800 amore
592 1749 658 1802 surit.

83 1827 171 1878 Forma
187 1827 287 1893 placet,
305 1824 438 1891 niveusque
454 1824 542 1883 color,
559 1823 664 1892 flavique
679 1826 777 1893 capilli3

57 1938 59 1945 ,
122 1900 220 1967 Quique
238 1900 321 1948 aderat
336 1899 399 1949 nulli
415 1898 488 1949 sallus
504 1900 533 1949 ab
550 1913 602 1949 arte
616 1900 701 1950 decor.

82 1972 167 2025 Verba
178 1974 288 2039 placent,
300 1973 325 2023 &
334 1990 397 2033 νοις
409 1972 434 2022 8(
444 1972 509 2039 quod
518 1990 672 2039 corrumpere
682 1975 789 2028 nonest:
804 1977 856 2043 765

116 2046 227 2113 -Qucique
243 2046 320 2095 minor
334 2046 387 2112 spes
402 2044 435 2095 est
448 2079 456 2105 ,
471 2046 519 2097 hoc
535 2046 609 2113 magis
625 2047 667 2095 ille
681 2049 758 2114 cupit.

80 2120 135 2173 Jam
151 2121 252 2171 dederat
267 2133 362 2169 cantum
380 2120 440 2169 lucis
455 2120 606 2183 praenuncius
623 2121 693 2177 elesa

121 2192 183 2242 cum
198 2192 308 2242 referunt
324 2191 426 2257 juvenes
441 2192 465 2240 in
479 2190 519 2239 sua
534 2191 606 2241 castra
621 2193 720 2257 pedem.

81 2267 199 2333 Carpitur
215 2266 333 2315 attonitos
350 2264 452 2314 absentis
468 2264 571 2330 imagine
588 2262 668 2315 sensus

120 2340 166 2389 Ille
179 2338 337 2389 :recordanti
353 2338 422 2407 plura
439 2337 560 2404 magisque
576 2337 683 2402 placent.
804 2358 859 2408 770

81 2414 124 2463 Sic
143 2412 203 2461 sedit
217 2428 224 2463 τ
239 2412 273 2461 sic
289 2412 353 2460 culta
369 2412 414 2460 suit
426 2426 434 2461 t
447 2410 481 2459 sic
497 2410 591 2458 stamina
608 2412 698 2471 notite

122 2484 248 2550 Neglestae
266 2486 331 2532 collo
349 2484 382 2533 sic
400 2482 498 2548 jacuere
515 2501 599 2532 comae.

79 2559 140 2611 Hos
158 2557 242 2605 ltabuit
256 2559 336 2605 vultus
350 2558 420 2606 :haec
435 2557 470 2605 illi
485 2553 559 2605 verba
574 2556 663 2617 fuere3

39 2658 41 2661 ·
124 2631 171 2679 llic
189 2629 283 2689 decor,
299 2631 351 2679 haec
366 2630 459 2687 facies,
476 2629 515 2677 hic
531 2630 600 2677 color
615 2632 663 2680 oris
679 2644 741 2685 erat.

78 2706 119 2757 Ut
138 2704 200 2753 solet
215 2719 227 2750 a
246 2719 331 2769 magno
346 2702 430 2751 iluslus
444 2702 600 2769 languescere
616 2704 673 2753 flatu
687 2723 696 2762 ς
807 2724 859 2775 775

122 2776 173 2827 Sed
188 2792 268 2824 tamen
283 2794 295 2822 a
312 2788 405 2833 vento,
423 2774 462 2841 qui
478 2775 524 2825 suit
538 2789 613 2835 ante,
630 2791 708 2827 tumet
722 2796 733 2837 3

80 2852 145 2908 sic,
165 2850 271 2917 quamvis
288 2851 370 2898 aberat
385 2849 478 2915 placitae
494 2850 621 2915 praesentia
637 2852 741 2911 sormae,

121 2924 206 2989 Quem
221 2922 320 2977 dederat
335 2922 436 2989 praesens
451 2923 547 2984 forma.
564 2925 677 2976 manebat
694 2942 771 2978 amor.

703 2997 725 3048 C
738 3015 754 3048 v
