1975 3700
131 269 428 339 Fastorum
452 269 559 339 Lra.
586 269 672 340 ΙΙΙ.
723 291 776 362 77

14 421 16 448 2
59 385 179 452 Terque,
195 388 279 446 Vale,
297 387 376 438 dixit:
390 388 484 438 cineres
499 399 538 437 ter
552 387 583 436 ad
599 404 643 437 ora
656 389 748 438 relatos

14 476 18 522 2
97 459 207 518 Pressit,
223 460 249 510 δι
266 459 299 511 est
315 460 361 510 illis
378 460 426 510 visa
442 459 532 510 subell'e
547 459 625 511 soror.

14 577 18 597 ,¹
60 533 135 584 Natta
145 546 222 584 ratem
234 534 395 600 comitemque
405 535 484 602 fugae,
497 534 560 600 pede
571 535 661 585 labitur
671 551 760 602 aequo,
784 533 832 597 565

96 605 189 656 Moenia
207 607 355 672 respiciens,
373 608 444 657 dulce
462 607 550 657 sororis
565 624 637 673 opus.

14 711 18 742 γ
58 679 154 730 Fertilis
172 678 205 730 est
220 679 311 730 Melite
329 679 400 730 sterili
415 680 494 730 vicina
513 679 613 748 Cosyrae

14 793 17 816 ,
97 753 194 811 Insula,
212 770 281 820 quarn
298 753 382 821 Libyci
396 755 509 804 verberat
523 754 586 804 unda
600 751 667 804 freti.

59 825 131 875 Hanc
146 827 209 891 petit
224 826 329 892 hospitio
345 827 410 894 regis
427 825 515 876 confise
531 826 634 877 vetusto.

98 899 213 964 Hospes,
233 915 305 964 opum
320 899 406 958 dives,
423 917 467 950 rex
483 899 527 948 tibi
543 899 628 950 Battus
645 913 707 950 erat.
783 918 834 966 570

59 971 111 1036 Qui
127 972 180 1038 post
195 975 265 1039 quim
282 971 365 1022 didicit
381 972 447 1023 casus
462 973 586 1038 utriusque
602 972 711 1031 sorori„

98 1045 180 1103 Haec,
198 1045 294 1111 inquit,
312 1047 385 1096 tellus
397 1080 404 1103 ,
422 1047 660 1112 quantulacumque,
674 1058 716 1096 tua
732 1046 774 1097 esi.

58 1120 92 1169 Et
107 1132 188 1170 tamen
203 1118 302 1184 hospitii
317 1119 428 1170 servailer
441 1120 470 1168 ad
486 1119 570 1168 ultima
583 1135 689 1179 munus,

97 1191 146 1242 Sed
160 1192 240 1242 timuit
257 1208 353 1261 magnas
370 1192 532 1260 Pygmalionis
549 1209 620 1258 opes.

14 1323 15 1326 Ἴ
61 1266 133 1333 Signa
150 1266 304 1316 recensuerat
319 1266 355 1315 bis
370 1265 412 1316 Sol
428 1266 469 1316 sua
480 1283 488 1316 r
500 1267 587 1317 tertius
603 1267 654 1316 ibat
783 1283 832 1332 575

98 1338 201 1398 Annus,
221 1340 246 1390 δι
261 1339 380 1390 exsulibus
394 1352 461 1390 tetra
474 1340 580 1406 petenda
595 1355 657 1389 nova
672 1338 715 1389 est.

59 1413 145 1463 Frater
161 1413 245 1468 adest,
262 1414 463 1480 belloquepetit.
482 1411 537 1464 Rex
551 1429 616 1463 arma
631 1413 751 1480 perosus,

98 1487 150 1535 Nos
168 1486 246 1536 sumus
259 1486 389 1545 imbelles,
408 1498 436 1537 tu
450 1487 508 1554 fuge
523 1486 623 1556 sospes,
641 1487 685 1536 ait.

59 1557 125 1612 Jutsa
137 1559 217 1626 fugit,
235 1572 360 1627 ventoque
375 1571 451 1610 ratem
467 1560 596 1610 committit
612 1559 638 1610 &
653 1559 744 1619 undis3

97 1631 213 1697 Asperior
228 1633 321 1698 quovis
329 1649 428 1698 aequore
444 1633 520 1683 frater
535 1645 598 1683 erat.
782 1631 835 1696 580

56 1704 99 1755 Est
115 1721 192 1770 prope
209 1705 314 1771 piscosos
331 1705 433 1770 lapidosi
449 1705 572 1756 Crathidis
588 1722 670 1756 amnes

97 1777 174 1828 Purus
184 1793 246 1845 ager
260 1793 268 1828 r
282 1777 401 1828 Cameren
418 1779 499 1828 incola
513 1781 583 1828 turba
598 1790 698 1829 vocant.

56 1853 121 1902 Illuc
139 1853 220 1902 cursus
238 1863 308 1903 erat:
321 1868 368 1901 nec
383 1853 479 1920 longius
496 1853 573 1903 abfuit
586 1852 662 1911 inde,

98 1923 177 1988 Qualm
194 1926 407 1991 qnantumnovies
421 1925 518 1976 mittere
532 1927 606 1976 funda
619 1926 708 1992 potest·

57 2000 125 2051 Vela
141 1998 228 2063 cadunt
243 1996 339 2063 primo,
355 2000 380 2050 ἃ
396 1998 466 2050 dubii
480 2000 597 2050 librantur
611 2000 641 2049 ab
655 2016 722 2050 aura.
780 1999 814 2062 58
818 2015 831 2063 5

97 2071 327 2140 Finditryremigio,
344 2072 425 2122 navita
440 2073 519 2132 dixit,
534 2090 617 2139 aquas.

57 2145 174 2211 Dumque
188 2158 272 2210 parant
290 2158 358 2196 torto
373 2146 506 2197 subducere
520 2147 615 2197 carbasa
629 2148 699 2205 lino,

98 2216 235 2268 percutitur
251 2219 335 2284 rapido
352 2220 438 2286 puppis
455 2220 548 2270 adunca
562 2221 652 2278 Not03

57 2292 137 2357 Inque
153 2302 239 2356 patens
257 2286 355 2359 aequor,
373 2292 456 2341 fnrlira
470 2305 593 2361 pugnante
609 2292 738 2360 magistro,

98 2365 201 2415 Fertur:
217 2366 242 2415 Β(
257 2382 288 2414 ex
305 2365 381 2415 oculis
395 2366 443 2415 visa
459 2367 550 2433 refugit
565 2367 661 2416 lrurnus.
783 2380 835 2431 590

56 2438 183 2489 Adsiliunt
197 2438 302 2496 flodus,
321 2439 418 2505 imoque
434 2457 447 2488 a
464 2440 559 2507 gurgite
575 2453 665 2505 pontus

96 2510 229 2567 Vertitur,
247 2511 271 2561 δι
287 2528 357 2562 canas
371 2512 455 2562 alveus
468 2514 549 2563 haurit
563 2529 644 2579 aquas.

58 2584 178 2635 Vincitur
194 2600 232 2633 ars
247 2596 323 2633 vento
335 2601 342 2635 τ
355 2602 401 2634 nec
414 2583 462 2649 jam
475 2586 615 2636 moderator
627 2586 728 2637 habenis

96 2656 202 2705 Utitur:
216 2668 241 2705 at
256 2656 319 2707 roris
334 2654 375 2706 hic
392 2673 489 2725 quoque
504 2659 580 2724 poscit
595 2676 677 2725 opem.

55 2731 71 2783 J
74 2730 168 2779 aiiatrrr
183 2730 285 2782 tumidas
300 2730 365 2780 exsul
380 2729 496 2781 Plroenilla
509 2748 554 2797 per
566 2734 661 2791 undas,
780 2745 831 2796 595

95 2802 248 2868 Humidaque
263 2802 375 2869 oppositi
388 2804 474 2853 lumina
489 2805 555 2855 velle
569 2808 641 2873 tegit.

54 2877 120 2928 Tum
136 2873 236 2941 primum
252 2876 320 2927 Dido
334 2876 392 2927 felix
411 2878 444 2929 ert
458 2876 520 2928 dieta
534 2879 631 2937 sorori,

94 2948 126 3000 Et
140 2964 297 3019 quaecumque
311 2952 414 3020 aliquam
429 2968 536 3021 corpore
549 2952 638 3020 pressit
652 2952 759 3001 humum.

661 3026 685 3075 D
699 3024 724 3089 iij
